2429 3567
2173 248 2254 291 147

234 327 324 366 vidi.
355 328 427 365 Met
449 328 642 377 Lepidiotae
667 327 800 376 (Anzi)
827 328 941 364 Sacc.
970 338 1052 364 non
1083 326 1162 363 vidi
1204 327 1286 364 Met.
1320 329 1522 364 cetraricola
1558 326 1686 375 (Nyl.)
1725 328 1840 366 Sacc.
1882 330 1972 367 Sec.
2002 331 2050 366 el.
2086 331 2260 367 Karsten

235 393 297 424 est
337 388 580 436 Sphaerulina.
620 388 699 425 Met.
725 388 1042 425 Lichenz's-sordidi
1066 387 1225 434 (Mass.)
1251 387 1366 424 Sace.
1393 387 1485 423 Non
1512 386 1602 423 vidi.
1629 387 1724 424 Mihi
1753 388 1886 424 dubia.
1915 389 2005 428 Sec.
2033 389 2155 426 Kbrb.
2183 396 2256 428 est.

234 446 378 491 lichen,
420 447 503 484 Met.
545 449 811 495 rothomagensis
850 446 1056 492 (Roum.)
1100 451 1178 483 est.
1203 447 1445 494 Lophz‘otrema
1470 449 1720 494 vagabundum
1759 459 1806 483 ex
1839 449 2002 495 specim.
2038 451 2135 496 orig.
2178 450 2260 486 Met.

238 506 390 554 Origani
413 506 538 542 Mout.
566 517 649 542 non
677 506 755 542 vidi
783 507 863 542 Met.
890 507 1071 541 humulina
1097 505 1256 553 (Peck)
1291 507 1404 542 Sacc.
1431 506 1482 543 id.
1509 507 1592 542 Mat.
1624 509 1689 542 Gai
1714 507 1826 543 Rich.
1854 507 1903 544 id.
1934 509 2015 543 Met.
2040 511 2259 555 primulicola

235 567 324 605 Pat.
368 566 418 602 id.
462 567 545 602 Met.
585 567 781 614 depressum
824 566 940 602 Sacc.
984 570 1023 600 et
1066 565 1214 602 Roum.
1258 565 1344 602 Est.
1396 567 1575 614 Leptoshp.
1612 568 1828 608 rammam,-
1871 567 2044 613 sporidia
2073 575 2165 604 sunt
2192 568 2260 604 fla-

234 625 355 662 veola
400 630 608 672 3-septata‚
638 625 772 661 loculo
811 625 994 661 secundo
1029 622 1221 660 inflatulo.
1266 626 1361 666 Met,
1409 633 1631 673 macrospora
1670 625 1790 671 Speg.
1832 626 1961 672 aptius
1991 628 2040 662 ad
2082 628 2261 675 Sphaeru-

233 687 340 722 linam
379 684 658 721 adscribenda.
697 685 778 720 Met.
818 686 1024 732 cryptospila
1059 683 1196 730 (Berl.)
1231 685 1344 721 Sacc.
1386 697 1467 721 non
1505 685 1582 721 vidi
1623 686 1697 721 sed
1740 685 1834 720 mihi
1875 685 2007 720 dubia.
2036 687 2118 721 Met.
2145 690 2262 722 tincto·

234 749 302 783 ria.
329 746 441 782 Pass.
468 744 525 781 Ex
551 744 714 792 specim.
742 743 841 791 orig.
869 743 963 780 nihil
1000 755 1140 779 eruere
1181 744 1307 790 potui,
1343 745 1476 780 inveni
1504 750 1676 789 tanturn,
1707 750 1745 780 et
1772 745 1952 791 copiose,
1988 746 2263 793 Didymosphae-

233 808 322 841 riam
353 806 496 854 Spar-tii.
526 805 576 841 M.
605 805 739 853 Spartii
776 804 967 840 Brunaud
1008 814 1089 840 non
1130 804 1221 841 vidi.
1253 805 1301 839 M.
1327 806 1550 841 Lz‘rz'odendri
1589 805 1701 840 Pass.
1743 804 1794 840 id.
1837 805 1887 840 M.
1927 805 2095 851 Robergia
2136 805 2264 843 Sculz.

234 870 273 901 et
300 864 412 902 Sace.
442 864 492 899 id.
519 865 571 900 M.
601 864 803 899 Massarina
828 863 944 899 Sacc.
973 869 1033 899 est
1064 864 1255 912 Calospora
1294 875 1387 900 nam
1422 864 1643 912 perithecia
1677 870 1771 900 sunt
1803 863 2262 911 vasoideo-aggregata‚

234 923 503 961 minutissima
530 922 584 959 ita
603 927 645 958 ut
665 923 877 958 acervulus
906 926 1016 958 totus
1043 922 1089 969 ss
1116 934 1213 959 mm.
1240 923 1361 960 diam.
1389 923 1599 968 metiatur;
1626 922 1802 970 sporidia
1820 934 1917 959 vero
1937 923 2107 959 subinde
2127 924 2261 959 loculo

236 996 258 1021 e
285 983 427 1020 mediis
465 982 805 1030 longitudinaliter
845 981 973 1018 diviso
1009 983 1059 1018 ad
1096 984 1348 1030 Hyalodictyas
1375 982 1554 1030 speciem
1582 981 2034 1029 appropinquant.bMet.
2060 983 2269 1018 Peridermii

237 1043 351 1080 Pass.
378 1053 462 1080 non
490 1041 581 1079 vidi.
608 1042 659 1078 M.
685 1053 876 1078 cavernosa
902 1041 958 1089 (E.
987 1047 1025 1077 et
1052 1041 1111 1088 Ε.)
1140 1042 1253 1078 Sacc.
1282 1043 1329 1080 id.
1369 1044 1419 1079 M.
1456 1046 1633 1080 slavonica
1673 1043 1708 1079 S.
1740 1048 1778 1078 et
1806 1043 1843 1078 S.
1871 1042 1921 1079 id.
1950 1043 2000 1080 M.
2028 1044 2269 1078 sar-menticola

236 1102 351 1139 Pass.
382 1114 431 1139 ex
469 1101 634 1149 specim.
671 1101 772 1148 orig.
814 1100 908 1137 nihil
949 1112 1090 1136 eruere
1130 1101 1256 1148 potui.
1296 1103 1346 1137 M.
1374 1103 1537 1137 Sambuci
1574 1101 1685 1137 Pass.
1721 1100 1905 1148 sporidiis
1944 1100 2266 1137 luteo-coloratis

235 1162 389 1210 gaudet
417 1167 455 1198 et
495 1163 545 1198 ad
584 1162 762 1210 Leptosph.
793 1162 963 1198 dumetor.
991 1160 1273 1197 adscribenda.
1303 1161 1352 1197 M.
1378 1162 1580 1209 Forsythz'ae
1619 1161 1732 1196 Pass.
1775 1160 1941 1207 specim.
1980 1159 2081 1207 orig.
2120 1160 2266 1195 sterilia

234 1222 382 1258 inveni.
409 1225 496 1258 Met.
522 1222 704 1257 constricta
737 1220 848 1257 Bres.
879 1221 963 1256 asci
991 1227 1084 1256 sunt
1123 1221 1453 1268 sexdecemspori
1482 1226 1521 1256 et
1549 1220 1725 1267 sporidia
1766 1220 1888 1255 etiam
1929 1220 2268 1266 longitudinaliter

235 1281 375 1326 divisa,
416 1291 540 1328 quare
581 1279 736 1326 species
764 1281 815 1316 ad
846 1281 1060 1328 Caproniam
1099 1280 1286 1327 pertinet.
1321 1284 1403 1316 Met.
1441 1282 1628 1327 conformis
1661 1281 1716 1325 (Β.
1759 1285 1797 1315 et
1834 1280 1895 1319 C.)
1935 1279 2048 1315 Sacc.
2089 1279 2265 1326 sporidia

234 1347 328 1378 Sunt
354 1342 485 1385 lutea3
512 1341 667 1388 species
695 1340 745 1376 ad
770 1341 946 1388 Leptosph.
974 1342 1148 1376 Doliolum
1179 1341 1211 1386 f.
1239 1342 1440 1375 ramicolam
1479 1339 1664 1386 pertinet.
1700 1343 1751 1375 M.
1794 1340 1917 1375 rubida
1958 1339 2004 1375 E.
2038 1345 2075 1374 et
2114 1338 2156 1374 Ε.
2186 1349 2268 1374 non

234 1400 312 1437 vidi
339 1404 425 1437 Met.
452 1400 642 1436 Lonicerae
668 1400 844 1447 Fautrey
876 1399 926 1437 id.
953 1402 1035 1435 Met.
1057 1402 1246 1447 plagarum
1267 1400 1331 1443 (C.
1351 1405 1390 1435 et
1409 1399 1473 1447 H.)
1502 1399 1618 1436 Sacc.
1647 1399 1821 1447 Specim.
1843 1398 1943 1446 orig.
1966 1398 2111 1436 sterilia
2139 1398 2273 1434 inveni

235 1461 306 1497 sed
333 1471 354 1496 e
380 1459 479 1496 facie
506 1459 640 1507 potius
669 1460 844 1507 Zignoella
884 1460 1112 1506 designant.
1139 1461 1191 1496 M.
1216 1461 1402 1496 subsimilis
1446 1459 1604 1495 Schulz.
1633 1464 1671 1496 et
1699 1459 1813 1495 Sacc.
1840 1469 1922 1495 non
1950 1458 2041 1496 vidi.
2072 1461 2124 1494 M.
2155 1470 2271 1494 annu·

232 1522 303 1557 lata
329 1520 413 1556 Pat.
440 1519 492 1557 id.
520 1522 571 1557 Μ.
597 1520 800 1566 Lieuryana
825 1519 965 1556 Malbr.
995 1524 1034 1555 et
1062 1519 1119 1554 Le
1148 1519 1252 1554 Bret.
1280 1519 1338 1555 Ex
1377 1519 1541 1566 specim.
1581 1519 1680 1566 orig.
1710 1519 1803 1555 nihil
1847 1529 1988 1554 eruere
2025 1518 2149 1565 potui.
2183 1521 2267 1555 Met.

235 1581 444 1616 Molleriana
470 1579 630 1625 (Niessl)
658 1579 760 1615 Berl.
788 1584 826 1615 et
856 1579 971 1627 Vogl.
999 1590 1084 1615 non
1113 1577 1209 1618 vidi.
1236 1583 1324 1617 Met.
1350 1581 1578 1627 hederaesolia
1617 1579 1795 1626 (Cooke)
1823 1579 1938 1616 Sacc.
1968 1579 2142 1626 specim.
2171 1578 2269 1625 orig.

235 1638 382 1675 sterilia
409 1639 555 1676 inveni.
581 1641 665 1676 Met.
704 1641 781 1676 alba
807 1639 921 1676 Pass.
963 1645 1034 1676 est.
1072 1641 1247 1688 Leptosph.
1284 1646 1437 1676 eustoma
1458 1642 1493 1687 f.
1523 1641 1789 1685 Salz'cinearum,
1830 1651 1927 1675 nam
1962 1639 2138 1686 sporidia
2178 1643 2272 1674 sunt

234 1699 397 1736 luteola.
421 1702 506 1735 Met.
530 1702 717 1748 pampinea
744 1699 856 1736 Pass.
886 1705 946 1735 est
971 1700 1068 1747 Lept.
1108 1707 1190 1736 eust.
1212 1701 1246 1747 f.
1280 1701 1363 1736 Vitis
1391 1712 1487 1737 nam
1523 1699 1703 1748 sporidia
1744 1700 1840 1735 sunt.
1878 1700 2039 1736 luteola.
2066 1702 2153 1736 Met.
2181 1702 2271 1734 Μα-

235 1760 350 1795 clurae
377 1758 439 1804 (E.
468 1765 507 1795 et
535 1758 595 1806 E.)
622 1759 736 1795 Sacc.
763 1769 844 1795 non
873 1758 962 1796 vidi.
982 1763 1035 1795 M.
1055 1760 1186 1795 Idesiae
1214 1761 1324 1797 Pass.
1353 1761 1435 1797 Est.
1470 1762 1565 1809 Lept.
1592 1767 1753 1796 eustoma.
1782 1763 1833 1795 M.
1854 1761 2041 1808 paliizicola
2081 1759 2169 1795 Pat.
2190 1769 2273 1794 non

236 1819 328 1856 vidi.
357 1822 439 1856 Met.
473 1820 717 1869 Chamaeropis
746 1820 859 1856 Pass.
889 1826 965 1857 est.
994 1821 1090 1869 Lept.
1120 1828 1272 1857 ezcslomcz
1292 1824 1325 1869 f.
1357 1822 1614 1869 Chwmzeropls,
1644 1831 1739 1856 nam
1768 1819 1943 1866 sporidia
1983 1825 2075 1854 sunt
2110 1820 2270 1856 luteola.

235 1883 290 1917 M.
319 1881 510 1928 Sparganii
534 1879 710 1928 Fautrey
737 1891 819 1916 non
847 1880 935 1917 vidi.
964 1884 1015 1917 M.
1041 1884 1157 1917 minor
1196 1882 1378 1918 Schroet.
1408 1882 1458 1917 id.
1499 1885 1549 1918 M.
1572 1883 1775 1929 plzzlyspora
1818 1880 1926 1915 Pass.
1957 1878 2006 1914 id.
2035 1881 2087 1915 M.
2129 1880 2273 1914 borealis

236 1940 371 1976 Rostr.
398 1939 456 1975 Ex
483 1939 646 1986 specim.
674 1940 774 1987 orig.
801 1940 895 1977 nihil
921 1952 1062 1976 eruere
1092 1941 1216 1987 potui.
1246 1945 1330 1978 Met.
1358 1943 1505 1977 acorella
1532 1940 1710 1987 (Cooke)
1738 1940 1780 1975 Β.
1812 1945 1850 1975 et
1882 1940 1926 1975 V.
1947 1951 2030 1975 non
2066 1939 2155 1976 vidi.
2193 1942 2274 1974 Met.

236 2001 441 2047 nervis-equa
467 1999 629 2046 (Wint.)
656 2000 700 2037 Β.
729 2006 767 2036 et
796 2000 841 2036 V.
870 2001 921 2037 id.
958 2003 1040 2037 Met.
1080 2002 1219 2050 sepulta
1258 2001 1368 2036 Pass.
1405 2000 1474 2036 Est
1508 2002 1686 2048 Leptoshp.
1724 2007 1806 2036 eust.
1835 2003 1914 2035 Met.
1954 2012 2100 2035 musana
2138 2000 2271 2035 Mont-

236 2070 319 2096 non
348 2058 440 2096 vidi.
472 2062 554 2096 Met.
581 2061 788 2096 cer-atotheca
814 2061 889 2107 (G.)
917 2061 1034 2098 Sacc.
1063 2061 1182 2097 Certe
1211 2071 1292 2097 non
1320 2062 1505 2109 Metasph.;
1539 2060 1576 2095 in
1605 2059 1770 2107 specim.
1800 2060 1899 2107 orig.
1927 2065 2085 2095 tantum
2122 2059 2255 2095 inveni

237 2118 464 2156 subiculum
491 2125 749 2156 crustaeeum
778 2121 1080 2170 Chaetosphaeriae
1109 2122 1159 2158 ad
1190 2121 1326 2158 instar.
1358 2125 1407 2157 M.
1440 2121 1525 2156 Zeno
1554 2121 1663 2156 Pass.
1693 2119 1875 2167 Sporidia
1904 2121 2057 2156 luteola
2089 2121 2273 2169 Leptosph.

240 2186 325 2216 eust.
344 2180 379 2227 f.
406 2179 491 2215 Zeae
518 2179 745 2226 designant.
772 2184 824 2217 M.
851 2182 943 2218 Lolii
968 2182 1082 2219 Pass.
1113 2187 1173 2218 est
1199 2183 1295 2230 Lept.
1325 2188 1490 2219 eustoma.
1516 2184 1569 2218 M.
1593 2181 1820 2228 Lindsayana
1845 2180 2004 2227 (Curr.)
2031 2180 2146 2217 Sacc.
2187 2190 2269 2215 non

238 2238 329 2274 vidi.
355 2242 410 2276 Μ.
438 2240 606 2275 albescens
634 2238 806 2276 Thuem.
834 2240 886 2277 id.
918 2245 972 2278 M.
1002 2244 1170 2278 insularis
1199 2242 1320 2289 Speg.
1351 2241 1400 2277 id.
1428 2243 1479 2276 Μ.
1506 2242 1691 2276 stenothem
1719 2240 1763 2277 E.
1792 2246 1830 2276 et
1850 2240 1895 2276 E.
1924 2252 2005 2276 non
2034 2239 2124 2276 vidi.
2150 2244 2200 2276 M.
2221 2244 2272 2275 ni-

239 2301 454 2347 gro-tingens
481 2299 609 2336 Mont.
635 2299 686 2337 id.
718 2304 771 2336 M.
797 2303 1037 2350 leptogiophila
1072 2302 1236 2349 (Minks)
1273 2302 1372 2337 Berl.
1401 2307 1438 2336 et
1466 2301 1579 2347 Vogl.
1609 2300 1660 2336 id.
1701 2303 1780 2336 Met.
1819 2303 2050 2336 crassiuscula
2088 2301 2200 2336 Sace.
2238 2305 2276 2336 et

239 2357 377 2394 Briard
405 2358 559 2404 (Florul
588 2360 706 2395 Aube
735 2371 772 2407 p.
801 2369 899 2405 314).
928 2360 985 2397 Ex
1012 2360 1178 2408 specim.
1207 2361 1307 2408 orig.
1335 2360 1430 2396 nihil
1462 2371 1605 2396 eruere
1634 2361 1758 2405 potui.
1784 2363 1837 2397 M.
1870 2362 2116 2397 M.ircl2alz'‹111a
2159 2361 2275 2398 Sacc.

243 2417 420 2464 sporidia
447 2425 540 2455 sunt
573 2419 749 2466 viridum,
781 2424 885 2463 24-28
902 2432 920 2450 e
938 2424 1000 2463 4-6
1027 2427 1065 2457 et
1093 2421 1228 2468 potius
1255 2423 1437 2470 Leptosph.
1470 2422 1679 2458 arundinac.
1708 2421 1933 2467 designant.
