2429 3567
208 233 296 288 146·

349 409 590 464 Species
623 407 868 461 dubiae,
905 404 1334 452 excludendae
1368 405 1469 450 vel
1499 415 1632 477 non
1661 405 2082 451 examinatae.

318 568 567 615 Zisctnsphacrin
596 567 852 614 ηψπαιἐΗοιὶῐω
885 565 996 601 Pass.
1027 565 1184 600 Matura
1214 563 1398 610 sporidiis
1439 562 1785 599 ssavo-virentibus
1824 563 1986 611 gaudet,
2014 574 2139 611 quare
2166 564 2217 600 ad

196 629 374 675 Leptosph.
404 633 589 662 cnslomam
619 626 803 672 pertinet.
831 625 905 665 (Ex
933 625 1095 671 specim.
1129 624 1266 670 orig).
1297 624 1379 658 Met.
1412 624 1643 671 grandispora
1671 623 1826 659 ostiolis
1846 635 1866 658 e
1888 624 2012 659 latere
2032 622 2217 660 distincte

198 692 457 739 compressis,
487 692 726 739 Lophiosrcmn
769 690 1033 726 adscribenda
1074 695 1111 724 et
1151 690 1256 736 Loph.
1287 690 1481 725 Cadubriae
1523 689 1760 736 propiiiqua.
1800 687 1884 735 (Ex
1919 688 2084 736 specim.
2121 689 2221 737 orig.

196 754 448 801 Metnsphaeria
488 753 685 786 Bnhmem'ne
723 751 860 797 (Rab.)
898 750 1011 786 8366.
1054 760 1135 784 non
1183 748 1257 784 vidi
1292 749 1339 784 M.
1386 750 1552 784 Thalictri
1597 748 1757 794 (W'int.)
1799 749 1912 784 Sacc.
1940 747 2125 795 sporidiis
2154 759 2223 786 co-

197 813 335 848 loratis
364 812 527 858 gaudet,
553 822 678 857 quare
706 811 755 846 ad
779 811 936 858 Leplosp.
959 812 1119 858 pertinet.
1148 809 1220 855 (Ex
1247 808 1414 855 specim.
1443 808 1569 856 orig.)
1600 809 1767 857 Metasph.
1788 810 1975 845 bitorulosa
1995 809 2054 855 (Β.
2083 814 2121 845 et
2150 809 2229 856 ΒΓ)

197 872 309 908 8366.
355 871 395 906 ln
441 870 605 917 specim.
649 869 745 916 orig.
789 869 922 905 inveni
966 868 1131 915 copiose
1175 875 1334 905 tantum
1375 870 1611 917 ‘Didymellam
1664 869 1847 916 sporidiis
1891 873 2122 913 18-1434-5.
2166 871 2228 907 An

197 930 375 966 eadem?
405 931 572 978 Metasph.
616 932 745 965 rustica
778 929 944 976 (Karst.)
984 929 1097 965 8366.
1127 929 1164 964 in
1201 929 1369 975 specim.
1410 927 1508 975 orig.
1549 928 1682 965 inveni
1721 929 1928 976 sungillum
1967 928 2229 966 immaturum

201 989 469 1025 verisimiliter
495 990 673 1037 chlosph.
703 990 937 1035 quamdam.
978 989 1063 1024 Met.
1092 996 1317 1035 macrospora
1347 987 1510 1031 (Fuck.)
1536 987 1649 1024 8366.
1686 988 1913 1037 Specimina
1941 989 2230 1026 thuemeniana

199 1055 357 1085 tantum
385 1048 612 1085 examinavi
643 1053 681 1083 et
709 1049 759 1083 ad
787 1049 965 1096 Leptosph.
995 1049 1177 1083 Doliolum
1207 1047 1409 1094 pertinere
1439 1048 1600 1094 agnovi.
1629 1048 1712 1085 Met.
1741 1050 1927 1096 agminalis
1954 1049 2089 1097 (Lev.)
2115 1049 2231 1088 Sace.

203 1108 296 1144 Non
326 1109 402 1144 vidi
433 1109 514 1143 Mel.
545 1110 740 1144 Senecionis
767 1108 921 1154 (Fuck.)
951 1108 1067 1144 Sacc.
1094 1107 1146 1144 Id.
1175 1107 1256 1143 Met.
1286 1109 1487 1143 metuloin'ea
1513 1107 1582 1154 (K.
1611 1113 1648 1144 et
1677 1108 1736 1155 C.)
1762 1108 1878 1146 8366.
1913 1109 2085 1156 Specim.
2120 1109 2221 1156 orig.

200 1169 349 1204 sterilia
390 1169 540 1203 inveni.
583 1169 666 1204 Mel.
704 1170 880 1204 [trachiam
921 1168 984 1212 (Κ.
1013 1173 1049 1202 et
1092 1167 1151 1214 C.)
1192 1168 1307 1203 Sacc.
1342 1167 1508 1214 specim.
1551 1167 1653 1214 orig.
1692 1168 1836 1204 frustra
1877 1168 2126 1216 investigavi.
2154 1170 2235 1204 Met.

200 1230 410 1265 llclinlhemi
436 1228 652 1273 (Auersw.)
681 1228 793 1263 Sacc.
825 1228 914 1263 Non
944 1227 1033 1263 vidi.
1064 1228 1145 1263 Met.
1173 1230 1358 1275 scolophila
1394 1225 1512 1274 (Dur.
1553 1233 1591 1263 et
1627 1228 1778 1275 Mont.)
1810 1229 1923 1266 Sacc.
1957 1240 2038 1266 see.
2073 1229 2237 1276 specim.

198 1290 296 1334 orig.
326 1294 384 1323 est
414 1288 545 1335 aptius
574 1289 767 1335 Diaporlhe
795 1287 980 1334 sporidiis
1009 1289 1210 1334 plasmate
1240 1298 1333 1323 raro
1362 1287 1566 1335 4-partit0.
1595 1288 1677 1324 Met.
1704 1290 1830 1324 bucera
1857 1288 1915 1335 (C.
1944 1295 1982 1324 et
2011 1289 2096 1335 Eu.)
2118 1281 2234 1326 8366.

200 1348 293 1384 Mihi
323 1348 479 1383 videtur
510 1348 637 1383 forma
659 1347 849 1393 juvenilis
875 1347 979 1395 Loph.
1009 1349 1181 1383 simillimi
1209 1349 1316 1395 quod
1347 1348 1384 1383 in
1414 1348 1567 1396 specim
1598 1347 1699 1395 orig.
1733 1347 2055 1396 frequentissime
2092 1348 2237 1385 inveni.

202 1410 282 1445 Met.
311 1410 476 1444 Sacculus
506 1408 563 1449 (Β.
591 1413 627 1443 et
657 1407 716 1453 Β.)
745 1407 859 1443 8366.
889 1407 979 1443 Non
1009 1406 1098 1443 vidi.
1137 1408 1220 1444 Met.
1247 1410 1398 1444 eburnea
1436 1407 1598 1455 (Niessl)
1625 1407 1739 1443 Sacc.
1768 1408 1819 1443 Id.
1848 1408 1930 1444 Met.
1957 1409 2124 1445 dissiliens
2157 1407 2236 1450 (C.

200 1474 238 1504 et
264 1468 351 1513 Eli.)
380 1468 494 1503 Sacc.
525 1467 593 1502 Est
621 1468 800 1515 Leptosph.
829 1466 1012 1513 sporidiis
1044 1477 1218 1503 amoene
1246 1467 1427 1503 flaveolis
1467 1467 1537 1513 (Ex
1565 1466 1732 1514 specim.
1761 1466 1878 1514 orig.)
1919 1468 2003 1505 Met.
2037 1469 2238 1504 canadensis

197 1529 273 1570 (De
302 1528 410 1574 Not.)
437 1527 507 1563 Est
533 1528 627 1575 Lepi.
655 1528 890 1575 Erigeronti53
920 1527 1095 1573 sporidia
1125 1528 1162 1562 in
1191 1526 1358 1574 specim.
1402 1526 1498 1573 orig.
1529 1533 1623 1562 sunt
1662 1537 1835 1562 amoene
1872 1527 1996 1571 lutea,
2037 1532 2237 1574 5-septata

200 1599 313 1629 40-44
339 1602 373 1633 μ.
404 1588 522 1633 long,
552 1588 750 1633 plasmate
782 1586 1045 1633 8—10·partito.
1075 1587 1155 1622 Met.
1178 1590 1364 1634 persistens
1393 1586 1451 1632 (B.
1472 1593 1510 1622 et
1529 1587 1608 1624 ΒΓ.)
1637 1586 1809 1633 Specim.
1838 1586 1937 1634 orig.
1956 1586 2075 1623 steril.
2103 1585 2235 1622 inveni

202 1648 271 1682 sed
301 1660 320 1682 6
348 1646 445 1683 facie
487 1646 619 1693 potius
657 1647 706 1681 ad
736 1647 958 1694 Diaporthem
996 1651 1192 1693 spectant.
1236 1647 1316 1682 Met.
1357 1649 1540 1683 sublanosa
1578 1645 1755 1687 (Cooke)
1795 1646 1908 1682 8366.
1948 1645 2018 1682 Est
2055 1646 2236 1695 Lasiosph.

202 1708 282 1743 Mel.
323 1708 481 1755 depressa
519 1707 675 1752 (Fuck.)
704 1706 816 1742 8366.
846 1707 949 1742 Non.
995 1706 1070 1741 vidi
1108 1707 1189 1743 Met.
1229 1709 1403 1755 apiculata
1442 1707 1612 1753 (W'allr.)
1654 1707 1767 1743 Sace.
1809 1715 1888 1742 sec.
1929 1706 2088 1742 Winter
2128 1711 2236 1741 esset

205 1769 425 1808 Gnomonia;
454 1766 489 1801 in
520 1766 683 1813 specim.
712 1765 945 1801 suckelianis
972 1765 1118 1811 (Fungi
1147 1768 1262 1802 rhen.
1297 1778 1332 1802 n.
1354 1767 1440 1813 918)
1460 1766 1553 1802 nihil
1581 1766 1711 1802 inveni
1742 1765 1814 1801 nisi
1842 1767 2050 1814 Ascochytae
2069 1776 2129 1812 sp.
2151 1766 2236 1802 Met.

201 1828 434 1862 Ashwellinna
460 1825 610 1870 (Curr.)
640 1825 753 1861 8366.
782 1825 954 1872 Specim.
983 1825 1189 1873 originalia
1220 1832 1406 1873 tempore
1437 1826 1579 1873 injuria
1608 1825 1912 1862 interciderunt.
1940 1825 2024 1862 Met.
2041 1826 2238 1874 staphylina

204 1886 357 1931 (Peck.)
384 1886 497 1922 Sacc.
530 1896 612 1921 non
641 1885 729 1921 vidi.
772 1886 852 1920 Met.
882 1887 997 1921 aulica
1038 1885 1100 1925 (C.
1128 1891 1166 1920 et
1197 1885 1257 1932 E.)
1285 1886 1399 1921 Sacc.
1425 1887 1465 1921 In
1495 1885 1657 1933 specim.
1697 1886 1798 1933 orig.
1838 1886 2016 1934 Leptosph.
2055 1887 2239 1922 modestam

204 1951 363 1982 tantum
391 1945 539 1981 inveni.
567 1946 650 1981 ΛΜ.
677 1947 877 1993 brachyteca
903 1946 961 1987 (Β.
991 1952 1029 1980 et
1057 1945 1120 1987 C.)
1147 1946 1261 1981 Sacc.
1288 1945 1357 1981 Est
1377 1947 1606 1993 Sphaerulina
1633 1948 1835 1981 intermixta
1861 1945 1883 1980 f.
1911 1945 2030 1981 Rosae.
2059 1945 2142 1980 Met.
2168 1956 2241 1980 sca·

203 2008 288 2041 laris
316 2005 442 2046 (Dur.
473 2011 510 2040 et
540 2005 680 2052 Mont.)
708 2006 822 2041 Sacc.
851 2012 923 2041 est.
951 2005 1128 2053 Zignoella
1156 2004 1255 2052 (Cfr.
1284 2006 1391 2042 Icon.
1419 2005 1546 2052 Fung.
1574 2005 1691 2042 Fasc.
1720 2006 1798 2051 ΙΙΙ.)
1827 2005 1909 2042 Met.
1935 2006 2087 2041 Acerum
2118 2003 2237 2050 (Crie)

206 2066 318 2102 Sacc.
360 2076 441 2101 non
482 2065 559 2101 vidi
591 2066 671 2101 Mel.
701 2067 837 2101 Arnum
865 2065 1035 2112 (Cooke
1065 2071 1103 2101 et
1134 2066 1302 2111 Harkn.)
1330 2066 1444 2102 Sacc.
1470 2066 1523 2101 Id.
1550 2066 1633 2102 Met.
1661 2067 1779 2103 Samen
1805 2066 1867 2113 (C.
1895 2071 1933 2100 et
1961 2066 2014 2110 P.)
2042 2065 2155 2102 Sacc.
2183 2065 2238 2103 Id.

206 2125 285 2160 Met.
309 2127 476 2173 palustris
505 2125 663 2170 (Mont.)
703 2125 815 2160 8366.
847 2125 896 2160 id.
930 2126 1009 2161 Met.
1046 2127 1243 2173 pachyasca
1284 2126 1448 2166 ‹Niessl)
1485 2126 1598 2162 Sacc.
1625 2131 1686 2162 est
1721 2127 1962 2174 Sphaerulina.
2001 2125 2085 2162 Met.
2120 2125 2243 2160 ‘Peckii

206 2184 360 2231 (Spegs)
400 2185 512 2219 Sacc.
547 2189 607 2219 est
636 2185 843 2231 Sphaerelln.
871 2184 1057 2231 Sporidia
1087 2197 1247 2231 semper
1276 2185 1449 2232 didyma‚
1476 2183 1718 2231 guttuligera
1746 2183 1986 2229 observavi3
2025 2183 2107 2219 asci
2147 2189 2240 2220 sunt

207 2244 508 2291 aparaphysati,
546 2244 750 2279 roseolati.
792 2243 880 2283 <Ex
910 2244 1074 2290 specim.
1116 2244 1238 2291 orig.)
1279 2246 1363 2281 Met.
1402 2247 1550 2292 neglecta
1589 2245 1750 2291 specim.
1779 2256 1802 2280 a
1842 2245 1887 2281 cl.
1914 2244 2094 2290 Rostrup
2132 2252 2242 2279 com·

206 2304 353 2340 munic,
382 2305 431 2339 ad
457 2304 636 2351 ‘Pleospor.
665 2303 862 2347 (Gathar.)
892 2310 1092 2350 spectant,
1122 2305 1162 2340 Ρ.
1189 2305 1395 2352 Rostrupii
1424 2306 1666 2341 vocandam.
1697 2305 1779 2340 Met.
1806 2305 1937 2340 discors
1962 2302 2016 2350 (E.
2044 2308 2082 2339 et
2109 2301 2170 2344 E.)
2201 2301 2240 2338 S.

207 2369 280 2400 est.
307 2365 401 2412 Lept.
432 2363 562 2410 affinis
589 2365 630 2399 L.
659 2366 851 2410 galiicolae.
885 2365 964 2399 Met.
1002 2366 1215 2399 Graminnm
1243 2364 1357 2400 Sacc.
1386 2364 1561 2411 sporidia
1589 2369 1684 2400 sunt
1723 2363 1903 2408 viridula,
1932 2373 2056 2410 quare
2084 2361 2240 2409 species

207 2425 256 2460 ad
284 2425 376 2472 Lept.
409 2424 599 2472 Ophiopog.
627 2423 648 2459 s.
667 2424 878 2459 Graminum
907 2424 1091 2470 pertinet.
1125 2424 1206 2459 Met.
1234 2425 1375 2460 Avenae
1409 2424 1626 2470 (Auersw.)
1659 2423 1773 2460 Sacc.
1810 2433 1892 2459 non
1930 2422 2020 2459 vidi.
2048 2422 2131 2458 Met.
2161 2422 2240 2458 Cat-

205 2486 296 2519 tanei
320 2483 431 2520 Sacc.
461 2483 510 2518 id.
540 2483 622 2519 Met.
652 2485 793 2518 recutita
823 2483 922 2523 (Fr.)
950 2483 1062 2519 Sacc.
1093 2483 1143 2520 id.
1175 2483 1256 2520 Met.
1298 2485 1562 2520 Arundinariae
1601 2483 1802 2526 (Cooke)
1841 2482 1955 2521 Sacc.
1996 2482 2038 2518 In
2073 2482 2239 2529 specim.

208 2543 320 2590 orig„
351 2554 397 2579 ex
428 2542 807 2586 Herb.Parisier1si‚
847 2543 1022 2589 sporidia
1067 2544 1295 2591 uniseptata
1336 2543 1482 2580 inveni.
1523 2543 1746 2580 Perithecia
1781 2553 1880 2579 vero
1921 2547 2014 2578 sunt
2053 2541 2243 2578 minutis—

209 2602 322 2647 sima,
353 2602 540 2649 papillata
569 2613 667 2649 ergo
698 2603 853 2649 species
882 2602 1013 2649 aptius
1042 2603 1144 2639 inter
1172 2603 1490 2651 Hyalodidymas
1518 2604 1721 2651 ponenda,
1751 2609 1789 2639 et
1815 2603 1925 2638 haud
1961 2613 2097 2638 errore
2129 2600 2241 2648 gravi

210 2661 247 2696 in
275 2671 423 2707 genere
454 2663 655 2708 Stigmatea.
686 2663 768 2698 Mel.
800 2663 1026 2697 Careclorum
1054 2663 1117 2710 (R.
1147 2668 1184 2698 et
1212 2662 1273 2705 C.)
1315 2664 1430 2700 8366.
1455 2663 1546 2700 Non
1575 2663 1666 2700 vidi.
1707 2665 1784 2700 Met.
1811 2664 1919 2709 Junci
1951 2661 2101 2706 (Oud.)
2127 2661 2242 2698 Sacc.

209 2722 257 2756 id.
295 2722 374 2756 Met.
405 2723 563 2757 iridirola
603 2721 714 2757 Sacc.
756 2722 807 2757 id.
846 2722 927 2757 Met.
966 2723 1074 2758 Iridis
1114 2722 1283 2765 (Desm.)
1324 2724 1439 2761 8366.
1467 2724 1638 2772 Specim.
1666 2723 1765 2771 orig.
1792 2734 1815 2759 a
1843 2724 1889 2760 cl.
1920 2722 2062 2760 Hariot
2102 2723 2240 2768 missa,

210 2780 354 2816 sterilia
385 2781 530 2823 inveni.
560 2782 806 2818 notarisiana
837 2793 948 2826 vero,
977 2783 1025 2818 ad
1060 2797 1076 2815 α
1097 2783 1208 2819 Caen
1231 2799 1247 2816 »
1278 2784 1394 2829 lecta,
1436 2785 1682 2832 Sphaerulinae
1714 2783 1992 2819 adscribenda.
2020 2782 2104 2818 Met.
2149 2783 2240 2819 Cra-

212 2842 333 2875 !erium
378 2840 536 2887 (Mont.)
563 2841 679 2876 8366.
705 2853 785 2877 non
816 2842 908 2877 vidi.
943 2843 1025 2878 Met.
1054 2843 1373 2891 rachinis-(pass.)
1399 2844 1514 2880 Sacc.
1543 2844 1593 2880 id.
1622 2844 1703 2880 Met.
1738 2844 1968 2879 sahulctorum
2007 2842 2066 2889 (Β.
2093 2847 2132 2878 et
2158 2842 2241 2889 ΒΓ.)

212 2899 323 2934 8366.
352 2900 391 2934 In
420 2900 584 2946 specim.
611 2903 708 2947 orig.
736 2904 913 2949 Ascochyt.
937 2902 1174 2949 perforantem
1204 2902 1350 2940 inveni.
1382 2905 1462 2940 Met.
1492 2905 1629 2952 Oryzae
1655 2903 1794 2951 (Catt.)
1820 2903 1936 2939 8366.
1965 2903 2056 2940 Non
2082 2903 2172 2939 vidi.
2200 2903 2242 2940 In

213 2959 420 3005 specimin.
448 2959 566 2996 Herb.
594 2960 750 2996 Musaei
777 2961 965 3004 Romani,
1005 2967 1095 2996 stat.
1137 2962 1520 3009 spermgon.inveni.
1559 2964 1638 2999 Ma.
1674 2964 1883 2999 rimularam
1922 2962 2095 3010 (Cooke)
2129 2963 2241 2999 Sacc.

213 3018 253 3052 In
285 3019 448 3064 specim.
481 3019 593 3066 orig„
624 3026 782 3056 tantum
812 3021 1005 3056 Scirrhiam
1035 3021 1178 3056 inveni.
1208 3022 1291 3058 Met.
1312 3024 1548 3071 paccim‘oides
1587 3023 1738 3070 (Speg.)
1763 3022 1876 3059 Sacc.
1907 3034 1988 3059 non
2036 3022 2128 3060 vidi.
2158 3023 2240 3059 Met.

219 3077 413 3113 Debeanxii
441 3078 495 3117 (8.
521 3085 559 3115 et
586 3079 648 3126 R.)
675 3079 789 3116 Sace.
826 3078 874 3116 id.
905 3080 987 3115 Met.
1018 3083 1094 3115 Fur
1121 3079 1241 3127 (Ebr.)
1269 3082 1380 3118 Sacc.
1409 3080 1458 3118 id.
1487 3082 1569 3120 Met.
1590 3081 1747 3129 profuga
1783 3080 1914 3125 (Ehm
1942 3081 2055 3118 Sacc.
2082 3081 2133 3117 id.
2161 3081 2242 3117 Met.

216 3135 406 3183 Lycopodii
455 3138 512 3184 (Β.
540 3144 578 3174 et
607 3138 671 3180 C.)
700 3139 815 3176 Sacc.
843 3137 891 3175 id.
922 3139 1001 3174 Met.
1029 3140 1245 3187 Plegmariae
1272 3141 1402 3187 (Ces.)
1429 3141 1544 3177 Sacc.
1575 3141 1625 3177 id.
1655 3141 1737 3177 Met.
1776 3142 2072 3177 Stereocaulorum
2107 3140 2244 3186 (Arn.)

219 3193 330 3231 Sacc.
366 3195 537 3242 Specim.
567 3196 681 3245 orig.‚
711 3209 733 3234 a
762 3199 808 3234 61.
835 3197 974 3235 Hariot
1018 3208 1179 3246 comm„
1208 3201 1356 3238 sterilia
1383 3199 1527 3238 inveni.
1556 3201 1639 3238 Met.
1662 3200 1796 3238 Psorae
1834 3200 1974 3250 (Anzi)
2010 3200 2125 3238 Sacc.
2161 3209 2246 3237 non
