2429 3567
2084 226 2144 281 87

139 320 293 359 tensiae
330 315 453 369 (ΕΗ.)
482 321 595 359 8360.
622 321 665 359 L.
693 319 843 369 Baggei
878 321 1090 368 (Auersw.
1118 327 1157 357 et
1191 313 1363 365 Niessl.)
1399 316 1514 357 Sacc.
1548 318 1592 357 L.
1620 321 1844 369 psilospora
1884 321 2065 358 Auersw.
2093 321 2138 358 L.

137 381 404 417 sarmenticia.
434 381 546 417 Sacc.
574 381 618 416 L.
645 380 953 427 appendiculata
981 379 1057 416 Pir.
1086 380 1130 414 L.
1157 379 1288 425 pellita
1315 380 1430 425 (Rab.
1459 385 1497 415 et
1525 380 1644 420 Klat).
1672 380 1717 415 L.
1749 379 1981 415 Cadubriae
2014 380 2135 427 Speg.

136 441 180 475 L.
208 440 438 486 cervispora
468 440 529 486 (K.
560 445 598 474 et
626 439 691 485 C.)
718 439 829 475 Sacc.
859 439 900 475 L.
928 438 1085 474 Drabae
1115 437 1239 484 (Nyl.)
1265 437 1393 473 Karst.
1423 438 1465 473 L.
1494 437 1696 484 uliginosa
1723 439 1778 484 (Ρ.
1807 445 1845 474 et
1873 440 1933 478 Ρ.)
1961 440 2072 476 Sacc.
2094 441 2137 474 L.

138 500 320 536 sabauda
349 499 467 546 Speg.
494 500 537 534 L.
568 497 967 534 austro-americana
995 497 1113 544 Speg.
1133 498 1178 533 L.
1198 497 1441 533 Plemeliana
1470 497 1609 533 Niessl.
1638 498 1680 534 L.
1709 498 1893 534 subtecta
1921 499 2078 544 (Wint.)
2097 500 2143 536 L.

137 558 347 606 dryophila
384 558 445 603 (C.
475 565 513 594 et
539 559 610 603 H.)
636 558 748 594 Sacc,
777 558 822 592 L.
849 557 1073 604 coffeigena
1101 557 1165 602 (Β.
1193 563 1231 592 et
1259 556 1326 602 C.)
1352 556 1465 593 Sacc.
1492 557 1538 592 L.
1567 556 1781 592 Passerinii
1809 558 1922 593 8306.
1950 559 1994 594 L.
2024 559 2143 593 aerea

136 607 253 653 Speg.
281 607 327 643 L.
357 607 582 653 marginata
610 606 752 641 Niessl.
783 606 825 641 L.
854 606 1040 641 australis
1066 605 1183 651 (Prie)
1219 605 1336 640 Sacc.
1361 605 1403 640 L.
1433 604 1574 640 vinosa
1603 605 1723 651 Speg.
1756 606 1801 641 L.
1833 606 1990 640 Alcides
2025 606 2138 641 Sacc.

137 667 308 713 Specim.
346 666 450 712 orig.
483 665 649 702 sterilia!
683 666 726 701 L.
756 665 957 700 Endiusae
986 665 1160 711 (Fuck.)
1189 664 1302 700 Sacc.
1330 665 1375 700 L.
1405 664 1603 700 Ischoemi
1641 664 1752 700 Pass.
1780 665 1823 700 L.
1851 665 2011 700 Salvinii
2041 664 2145 700 Catt.

136 729 177 762 L.
206 725 395 773 cyperina
423 726 536 761 Pass.
563 726 607 761 L.
638 725 865 771 epicarecta
896 723 1074 766 (Cooke)
1101 725 1219 761 8306.
1236 725 1282 760 L.
1302 723 1483 771 Dasylirii
1507 724 1644 770 (Rab.)
1671 724 1783 759 Sacc.
1811 725 1925 770 Spec.
1946 724 2046 770 orig.
2069 730 2146 759 ste-

135 786 217 821 rilia
244 785 389 820 inveni.
416 786 460 821 L.
488 784 640 820 Caricis
668 784 780 820 Schr.
809 785 853 819 L.
883 784 1017 819 Vectis
1045 784 1105 830 (B.
1131 789 1170 819 et
1198 784 1278 829 Er.)
1308 783 1398 819 Ces.
1427 789 1464 818 et
1493 782 1547 818 De
1576 783 1669 818 Not.
1699 783 1869 829 Specirn.
1898 784 2013 829 plura
2043 794 2145 819 exa-

135 846 288 882 minata
314 856 475 892 semper
501 844 648 880 sterilia
675 844 820 880 inveni.
849 845 893 881 L.
914 844 1093 880 silvatica
1122 844 1235 879 Pass.
1262 844 1307 879 L.
1336 843 1485 879 Secalis
1513 843 1672 879 Haberl.
1692 844 1736 880 L.
1757 843 1960 879 Graminis
1980 843 2141 889 (Fuck.)

135 905 247 941 Sacc.
274 906 321 941 L.
350 916 491 951 sparsa
527 904 705 951 (Fuck.)
741 904 858 940 Sacc.
889 904 1053 951 specim.
1081 903 1225 950 origin.
1255 902 1400 939 sterilia
1429 902 1573 939 inveni.
1602 903 1644 937 L.
1671 902 1917 950 interspersa
1944 902 2145 949 (Cooke)

134 965 246 1001 8300.
277 965 393 1012 Spec.
423 964 524 1011 orig.
554 963 702 1000 sterilia
730 964 879 1000 inveni.
907 965 953 1000 L.
982 963 1235 1011 pontiforrnis
1262 963 1415 1009 (Fuck.)
1443 963 1555 999 Sacc.
1584 963 1746 1010 specim.
1776 962 1876 1008 orig.
1905 962 2051 998 sterilia
2080 962 2144 996 in-

133 1024 237 1061 veni.
267 1024 310 1061 L.
338 1024 585 1060 consobrina
612 1024 744 1059 Karst.
771 1024 816 1059 L.
846 1023 1095 1070 Campi-Silii
1125 1023 1242 1070 Speg.
1272 1023 1316 1060 L.
1344 1022 1527 1058 arvensis
1557 1022 1626 1069 Sp.
1655 1023 1699 1059 L.
1729 1022 1877 1069 polaris
1909 1022 2024 1058 8366.
2051 1022 2143 1057 Νο3

134 1083 212 1119 vidi
240 1084 282 1120 L.
312 1083 553 1131 indeprensa
582 1083 692 1130 (Dur.
720 1088 758 1118 et
784 1083 928 1129 Mont.)
956 1082 1071 1119 Sacc.
1100 1083 1192 1118 Non
1221 1081 1299 1117 vidi
1326 1082 1371 1117 L.
1402 1080 1656 1117 Beaumontii
1684 1081 1740 1128 (Β.
1760 1086 1798 1116 et
1819 1080 1884 1127 C.)
1912 1081 2028 1117 Sacc,
2049 1080 2140 1116 Non

132 1143 210 1179 vidi
237 1144 282 1179 L.
308 1143 669 1179 cucurbitarioicles
703 1143 822 1179 Fabr.
853 1153 935 1179 non
971 1142 1048 1178 vidi
1077 1143 1120 1179 L.
1148 1143 1362 1178 Lecanora
1398 1141 1513 1177 Fabr.
1543 1141 1594 1178 id.
1622 1141 1667 1176 L.
1694 1140 1937 1188 platanicola
1965 1141 2144 1187 (Howe)

133 1203 245 1239 Sace.
274 1203 324 1239 id.
355 1204 398 1239 L.
430 1203 601 1239 &Vinteri
629 1203 759 1239 Niessl
785 1203 833 1239 id.
862 1203 906 1238 L.
933 1202 1100 1249 Cynops
1138 1202 1255 1237 Fabr.
1283 1203 1332 1237 id.
1359 1202 1406 1237 L.
1433 1201 1709 1237 foeniculacea
1738 1201 1837 1236 Fab.
1866 1201 1917 1238 id.
1946 1201 1992 1238 L.
2019 1200 2145 1236 33133-

133 1263 248 1298 110013
287 1263 358 1299 Ε11.
397 1269 434 1298 et
470 1263 520 1299 M.
557 1263 608 1299 id.
646 1263 689 1299 L.
726 1262 938 1298 stereicola
966 1263 1037 1298 Ε11.
1066 1262 1118 1297 101.
1147 1262 1190 1297 L.
1219 1261 1442 1308 Physalidis
1474 1260 1543 1296 Ell.
1571 1267 1608 1296 et
1636 1261 1705 1296 Ev.
1734 1260 1784 1296 icl.
1811 1261 1857 1297 L.
1888 1259 2139 1307 bicuspidata

133 1323 291 1369 (Cooke
320 1328 357 1357 et
385 1323 449 1362 H.)
474 1323 576 1358 Berl.
606 1328 643 1358 et
673 1322 790 1369 Vogl.
820 1322 911 1358 Non
941 1321 1018 1356 vidi
1046 1322 1117 1356 sed
1157 1322 1221 1357 vix
1256 1321 1369 1367 Lept.
1397 1321 1439 1356 L.
1467 1319 1768 1356 Harlznessiana
1797 1319 1866 1356 Ε11.
1894 1327 1931 1355 et
1958 1319 2026 1355 Ev.
2056 1331 2138 1355 non

132 1383 223 1419 vidi.
253 1384 296 1419 1,.
324 1382 495 1418 Acanthi
524 1383 638 1419 Pass.
666 1381 715 1418 id.
743 1383 787 1418 L.
816 1382 926 1417 Ribis
955 1382 1090 1417 Karst.
1116 1392 1222 1428 spec.
1252 1380 1352 1427 orig.
1378 1381 1524 1416 frustra
1553 1380 1791 1427 investigavi
1818 1380 1863 1416 L.
1893 1379 2141 1415 03331366013

132 1443 176 1478 Ε.
206 1449 243 1479 et
270 1443 312 1478 E.
332 1443 380 1478 id.
401 1443 445 1480 L.
472 1442 675 1489 Delawayi
702 1442 788 1478 Pat.
815 1442 906 1477 Non
934 1441 1026 1478 vidi.
1057 1442 1100 1476 L.
1128 1441 1242 1476 sticta
1272 1440 1317 1476 Ε.
1345 1447 1383 1475 et
1412 1440 1456 1476 Ε.
1485 1451 1567 1476 non
1597 1439 1672 1475 vidi
1699 1440 1742 1475 L.
1769 1439 1997 1486 clavicarpa
2034 1439 2075 1475 Ε.
2106 1445 2143 1474 et

132 1502 173 1537 Ε.
193 1514 275 1539 non
304 1503 381 1538 vicli
401 1504 445 1537 L.
466 1502 731 1549 Sphyridiana
757 1502 924 1548 (Lahm)
944 1502 1065 1538 Wint.
1089 1512 1170 1537 non
1200 1501 1277 1536 vidi
1305 1501 1350 1536 L.
1372 1500 1481 1548 Lycii
1509 1501 1620 1536 Pass.
1648 1500 1699 1536 id.
1726 1500 1772 1536 L.
1803 1500 1980 1535 monotis
2007 1500 2140 1535 Rehrn

131 1563 248 1610 Spec.
278 1563 376 1609 orig.
404 1562 564 1597 sterilia.
593 1563 635 1598 L.
664 1560 1046 1608 lasiosphaerioides
1078 1561 1210 1597 Starb.
1241 1565 1278 1595 et
1307 1560 1429 1596 Grev.
1457 1571 1538 1596 303
1574 1560 1650 1595 vidi
1687 1560 1729 1595 L.
1760 1559 1987 1595 Ranunculi
2024 1560 2138 1595 Rost-

132 1633 213 1659 non
241 1622 317 1658 vidi
346 1622 389 1657 L.
417 1621 719 1668 quadriseptata
753 1620 860 1656 Trail
887 1621 939 1656 id.
967 1621 1011 1656 L.
1039 1619 1210 1667 Oxyriae
1240 1621 1354 1656 Rost.
1385 1631 1466 1655 non
1494 1619 1587 1656 vidi.
1614 1620 1657 1655 L.
1686 1619 1841 1656 serbica
1878 1619 1989 1655 Schr.
2018 1619 2068 1655 id.
2098 1619 2141 1654 L.

132 1681 298 1729 Lathyri
325 1682 461 1717 Fautr.
488 1680 539 1717 id.
568 1681 614 1716 L.
651 1680 856 1717 Stellariae
884 1680 999 1716 Rich.
1028 1679 1077 1716 id.
1105 1680 1149 1715 L.
1178 1678 1306 1715 Vahlii
1343 1679 1456 1714 Rost.
1483 1678 1532 1713 id.
1560 1679 1604 1715 L.
1631 1678 1866 1713 Erantherni
1900 1678 1986 1713 Pat.
2014 1677 2067 1715 id.
2099 1678 2142 1713 L.

130 1741 403 1788 plumbaginis
440 1741 526 1777 Pat.
554 1742 606 1777 id.
635 1741 681 1777 L.
710 1741 919 1776 Brunellae
954 1739 999 1777 E.
1029 1745 1066 1774 et
1093 1739 1135 1773 E.
1163 1739 1214 1775 id.
1245 1739 1288 1774 L.
1315 1738 1604 1785 euphorbicola
1638 1738 1698 1774 ΒΓ.
1738 1738 1788 1774 id.
1814 1738 1859 1773 L.
1896 1737 2138 1773 brasiliensis

130 1803 249 1849 Speg.
279 1802 327 1838 id.
356 1802 401 1838 L.
431 1801 611 1837 cirricola
648 1801 758 1836 Pass.
786 1800 837 1836 id.
867 1800 910 1835 L.
939 1799 1037 1835 Cisti
1076 1799 1159 1835 Cel.
1195 1799 1246 1836 id.
1276 1800 1322 1836 L.
1351 1798 1576 1835 Berberidis
1616 1798 1731 1834 Rich.
1767 1797 1816 1834 id.
1854 1798 1897 1833 L.
1936 1797 2138 1844 Caprifolii

130 1863 250 1899 Brun.
278 1862 329 1898 id.
358 1862 402 1897 L.
430 1861 689 1908 Periclymeni
717 1861 821 1896 Oud.
851 1860 902 1896 id.
930 1860 976 1898 L.
1006 1859 1225 1896 Camelliae
1255 1859 1300 1897 C.
1329 1864 1367 1894 et
1393 1859 1445 1895 M.
1473 1858 1524 1896 id.
1555 1859 1599 1894 L.
1629 1857 1786 1894 Fraxini
1816 1858 1860 1892 Ε.
1886 1863 1924 1893 et
1951 1857 1996 1894 E.
2024 1857 2074 1894 id.
2093 1858 2138 1894 L.

131 1921 354 1969 Helichrysi
395 1921 440 1957 C.
467 1921 518 1957 id.
548 1922 591 1957 L.
620 1920 826 1967 Rostrupii
861 1920 965 1956 Berl.
993 1920 1052 1966 (L.
1080 1919 1286 1955 Stellariae
1315 1919 1450 1956 Rostr.
1482 1929 1564 1954 non
1591 1918 1731 1963 Rich.)
1757 1918 1808 1954 id.
1838 1919 1884 1955 L.
1912 1916 2139 1954 Rehmiana

128 1983 248 2019 Voss.
277 1982 326 2019 id.
354 1982 396 2018 L.
427 1981 650 2018 antarctica
678 1981 796 2028 Speg.
825 1981 874 2016 id.
902 1981 945 2016 L.
973 1980 1097 2027 Ziphii
1124 1980 1239 2016 Pass.
1268 1979 1382 2027 Sper.
1409 1980 1508 2026 orig.
1538 1979 1684 2015 sterilia
1704 1978 1848 2015 inveni.
1869 1979 1915 2014 L.
1936 1978 2135 2013 ruscicola

132 2043 179 2078 K.
205 2050 244 2079 et
265 2043 312 2079 H.
334 2053 416 2078 non
444 2042 538 2078 vidi.
558 2043 604 2078 L.
625 2041 839 2078 folliculata
860 2040 902 2076 Ε.
923 2046 961 2076 et
981 2040 1026 2076 E.
1046 2040 1097 2077 id.
1120 2041 1166 2076 L.
1188 2039 1402 2086 Sporoboli
1422 2039 1466 2076 Ε.
1489 2045 1527 2074 et
1546 2039 1592 2076 E.
1613 2039 1662 2075 id.
1682 2040 1727 2076 L.
1749 2038 1935 2075 Cattanei
1964 2036 2137 2074 Thuem.

129 2103 183 2140 id.
211 2104 256 2140 L.
286 2102 417 2149 algida
445 2103 560 2138 Rost.
590 2101 640 2138 id.
667 2101 712 2137 L.
738 2101 927 2148 suegiana
955 2100 1076 2147 Speg.
1105 2100 1154 2135 id.
1174 2100 1219 2135 L.
1249 2099 1448 2146 Puiggarii
1481 2099 1604 2146 Speg.
1630 2099 1677 2135 id.
1699 2099 1743 2134 L.
1762 2100 2017 2146 pachytheca
2047 2098 2140 2133 Har.

130 2167 169 2197 et
196 2162 259 2197 ΒΓ.
289 2161 339 2197 1ῑ1.
368 2162 411 2196 L.
439 2160 652 2196 stereicola
680 2159 772 2195 Ellis
800 2159 849 2196 id.
868 2160 910 2194 L.
930 2158 1132 2206 fungicola
1159 2158 1284 2195 wint.
1303 2159 1353 2194 id.
1373 2159 1416 2195 L.
1436 2158 1579 2195 danica
1608 2158 1709 2194 Berl.
1729 2158 1789 2205 (L.
1819 2159 1973 2193 marina
2002 2158 2137 2193 Rostr.

132 2232 215 2257 non
242 2221 328 2260 Ell.)
354 2220 403 2256 id.
432 2221 475 2255 L.
502 2219 652 2267 Baggei
680 2220 881 2261 (Auersw.
910 2219 1055 2266 Niessl)
1081 2219 1195 2255 Sacc.
1225 2219 1268 2254 L.
1295 2218 1565 2254 Hierochloae
1596 2218 1697 2254 Oud.
1724 2218 1777 2254 id.
1805 2218 1851 2254 L.
1881 2217 2133 2264 hemicrypta

131 2281 232 2316 Oud.
265 2280 316 2317 id.
344 2280 386 2317 L.
414 2279 553 2316 striata
580 2279 705 2315 Wint.
732 2279 780 2315 id.
809 2279 854 2317 L.
881 2278 1189 2325 subcaespitosa
1217 2278 1264 2316 C.
1294 2284 1332 2314 et
1360 2279 1408 2315 H.
1437 2278 1488 2315 id.

187 2448 434 2506 Species
466 2447 712 2503 dubiae,
747 2446 1175 2494 excludendae
1208 2446 1309 2492 vel
1342 2459 1375 2492 e
1408 2458 1638 2503 genere
1676 2447 2076 2492 amovendae.

224 2596 543 2645 Leptosphaeria
570 2596 700 2633 dioica
726 2595 896 2643 (Moug.)
924 2595 1036 2632 8306.
1065 2596 1157 2643 Syll.
1188 2596 1278 2643 Pyr.
1305 2595 1347 2640 ΙΙ,
1375 2607 1414 2643 p.
1447 2598 1500 2632 18.
1530 2593 1760 2643 Specimina
1788 2594 1944 2641 anglica
1973 2594 2023 2629 ad
2051 2594 2139 2641 Thy-

129 2659 299 2694 ridczriam
327 2663 526 2704 spectant,
561 2656 791 2692 Libertiana
820 2663 919 2692 vero
946 2655 1000 2697 (in
1027 2656 1177 2691 Roum.
1207 2656 1294 2692 Rel.
1324 2655 1408 2691 Lib.
1437 2667 1514 2693 ser.
1534 2656 1574 2697 ΙΙ,
1597 2666 1636 2691 3.
1668 2656 1751 2703 689)
1768 2655 1806 2690 in
1825 2655 1935 2690 Acero
1955 2654 2140 2701 psezcdopl.

131 2717 348 2753 immatura
376 2717 509 2752 inveni
538 2717 608 2751 sed
636 2722 744 2751 certe
773 2726 856 2752 non
884 2717 935 2751 ad
961 2715 1141 2763 Leptosph.
1172 2721 1375 2762 spectant;
1403 2715 1536 2762 potius
1571 2715 1834 2751 Melanommati
1859 2711 2138 2748 adscribenda.

128 2778 450 2824 Leptosphaeria
490 2777 698 2813 distributa
726 2776 801 2813 (C.
831 2781 869 2812 et
896 2776 998 2821 Ε11.)
1025 2776 1138 2812 Sacc,
1175 2781 1235 2811 est
1277 2776 1446 2823 Metasph.
1475 2775 1646 2811 secund.
1675 2785 1781 2820 spec.
1810 2772 1948 2819 origin.
1982 2773 2137 2819 Lepto-

132 2835 318 2882 sphaeria
348 2837 572 2872 sodomaea
600 2835 671 2882 (De
699 2835 810 2881 Not.)
836 2835 951 2870 Sacc,
981 2833 1039 2869 Ex
1067 2845 1174 2881 spec.
1194 2834 1298 2880 orig.
1325 2833 1420 2870 nihil
1439 2845 1579 2869 eruere
1609 2834 1731 2881 potui,
1760 2834 1831 2868 sed
1859 2833 2014 2879 species
2041 2831 2134 2868 mihi

128 2896 285 2931 videtur
315 2897 426 2931 valde
455 2895 587 2931 dubia.
614 2896 657 2931 L.
689 2895 896 2930 salebrosa
917 2894 1010 2940 (Pr.)
1032 2893 1145 2930 8366.
1174 2893 1307 2929 dubia.
1330 2894 1372 2929 L.
1393 2893 1556 2940 nigrella
1586 2894 1718 2941 (Rab.)
1735 2893 1848 2929 Sacc.
1869 2897 1928 2927 est
1954 2893 2139 2939 Pleosporzi

127 2955 171 2989 L.
198 2954 376 2990 Obiones
408 2954 515 3001 (Cr.)
543 2954 658 2997 8366,
688 2955 730 2990 L.
759 2954 1006 3001 gloeospora
1034 2954 1092 2999 (Β.
1122 2958 1160 2988 et
1188 2953 1322 2999 Curr.)
1359 2954 1476 2990 Sace.
1509 2953 1737 3000 Specirnina
1770 2952 1979 2998 originalia
2016 2962 2138 2986 sene-

129 3014 297 3051 scentia.
320 3015 362 3049 L.
383 3014 615 3062 molybdina
635 3014 776 3061 (Mont.
798 3018 836 3049 et
855 3013 1015 3060 Moug.)
1041 3012 1269 3059 Specirnina
1296 3012 1440 3060 origin.
1461 3013 1622 3049 sterilia.
1644 3014 1688 3049 L.
1707 3011 1942 3048 abbreviata
1963 3011 2136 3058 (Cooke)

128 3072 241 3110 Sace.
268 3073 337 3109 Est
366 3075 595 3121 sphaerulina
621 3076 823 3110 intermista.
851 3073 926 3119 (Ex
952 3083 1059 3120 spec.
1090 3072 1189 3120 orig.
1217 3078 1255 3108 et
1282 3073 1352 3109 csr.
1377 3072 1514 3112 etiarn.
1543 3073 1656 3109 Sacc.
1684 3072 1774 3119 Syll.
1803 3072 1892 3119 Pyr.
1912 3071 1952 3116 ΙΙ,
1981 3082 2019 3117 p.
2047 3071 2138 3115 188).

128 3132 174 3168 L.
203 3132 427 3169 Tamaricis
456 3133 631 3180 (Grev.)
658 3134 772 3171 Sacc.
799 3139 858 3169 est
887 3144 966 3170 sec.
994 3143 1103 3180 spec,
1137 3133 1234 3180 orig.
1267 3134 1465 3182 Clypeosph.
1502 3134 1628 3170 Nolar.
1654 3132 1697 3167 L.
1724 3130 1960 3167 ramulicola
1987 3129 2138 3176 (Peck)

130 3192 241 3228 Sacc.
269 3203 348 3229 see.
376 3203 483 3240 spec.
513 3193 610 3240 orig.
639 3199 699 3229 est
729 3194 917 3229 Massaria.
947 3194 990 3228 L.
1019 3192 1268 3240 Tephrosiae
1295 3192 1356 3240 (Ε.
1382 3198 1420 3228 et
1447 3192 1509 3240 E.)
1538 3192 1653 3229 Sacc.
1683 3196 1742 3226 est
1772 3190 2005 3238 Didymosph.
2035 3199 2136 3236 spo-
