2429 3567
2067 85 2127 131 111

137 218 252 270 haec
292 216 467 269 ceteris
511 233 613 267 non
658 213 836 282 typicis
866 212 1149 280 speciebuS,
1178 212 1236 264 ab
1279 213 1387 265 aliis
1440 215 1661 267 inventis
1702 235 1753 267 ac
1797 219 2121 270 taxonomice

134 301 394 369 dispositis
427 301 578 367 inque
609 296 748 348 ssoris
780 295 1116 364 peculiaribus
1147 298 1404 347 recensitis
1448 296 1742 364 praeferens.
1775 300 1928 350 Valde
1981 302 2133 366 igitur

134 385 331 452 gaudeo
391 383 528 451 quod
593 381 716 432 meis
779 380 1047 448 postulatis
1111 379 1323 430 libentes
1384 379 1611 432 faverunt
1670 400 1851 434 omnes
1893 384 1949 434 ad
1993 403 2123 453 quos

135 466 343 532 confugi
387 465 670 517 doctissimi
712 463 834 524 Viri,
876 463 960 531 qui
1005 463 1070 513 ita
1111 461 1365 528 ejusmodi
1408 466 1573 531 operis
1604 464 1951 528 fundamenta,
1996 487 2121 535 pene

136 551 366 611 dixerim,
408 550 649 616 jecerunt,
692 546 830 616 quod
875 565 1160 615 numquam
1192 550 1300 599 sine
1330 566 1507 599 eorum
1541 549 1727 616 opibus
1771 564 1919 618 atque
1961 551 2126 604 favore

138 649 371 704 caeptum
434 633 625 686 fuisset.
687 632 884 699 Hisque
949 632 1282 683 scientiarum
1323 632 1608 684 cultoribus
1674 633 1962 685 clarissimis
2005 636 2126 688 dum

136 720 318 786 gratias
362 718 606 769 maximas
653 733 748 781 ago
792 714 1072 783 habeoque,
1136 716 1229 766 boc
1290 734 1498 783 quoque
1558 717 1933 785 qualecumque
1998 738 2127 787 opus

140 822 277 855 meae
318 820 495 853 eorum
541 801 739 851 virtutis
780 799 1149 850 aestimationis
1191 818 1243 850 ac
1284 802 1407 865 grati
1458 800 1613 851 animi
1653 802 2008 854 testimonium
2054 804 2130 855 de-

137 888 250 939 dico
292 900 338 938 et
379 902 640 936 consecro,
685 884 821 935 Bene
864 884 1020 949 igitur
1063 899 1259 950 paratus
1304 898 1437 936 tanta
1478 884 1534 935 ad
1566 903 1696 951 opus
1728 886 2130 950 aggrediendum

139 972 280 1040 quasi
324 969 544 1030 materia,
588 986 690 1020 non
735 967 953 1036 amplius
999 966 1107 1033 ejus
1151 969 1354 1019 initium
1401 967 1740 1019 disserendum
1784 971 1970 1036 putavi.
2009 970 2137 1030 Qui-

140 1056 233 1108 bus
291 1068 460 1105 autem
524 1052 720 1119 legibus
783 1067 828 1103 et
889 1053 1084 1103 normis
1146 1070 1277 1120 opus
1337 1052 1501 1103 adhuc
1562 1067 1815 1103 exaratum
1877 1054 1960 1115 sit,
2003 1055 2133 1107 brevi

139 1157 420 1208 exponant:

286 1223 300 1274 1
346 1222 520 1282 Quam
564 1220 993 1273 commodissime
1035 1219 1211 1272 fecisse
1254 1222 1391 1273 visus
1432 1239 1545 1272 sum
1591 1240 1701 1273 eain
1733 1223 1907 1274 ceteris
1953 1223 2136 1292 praefe-

142 1325 254 1358 rens
299 1305 625 1366 methodum,
667 1324 764 1374 qua
816 1305 1066 1373 cujusque
1125 1306 1182 1356 ad
1243 1306 1472 1357 eamdem
1536 1305 1775 1358 familiam
1839 1309 2133 1374 pertinentis

142 1392 339 1457 generis
385 1390 754 1457 monographia
795 1389 1069 1440 ordinatim
1131 1388 1481 1440 conficeretur.
1540 1390 1660 1450 Qua
1701 1390 1759 1441 de
1802 1410 1848 1441 re
1890 1410 2020 1459 opus
2063 1408 2135 1445 est

147 1474 631 1541 monographicum.

287 1560 326 1610 ΙΙ
371 1559 505 1609 lnter
546 1557 946 1624 microscopicos
1009 1556 1197 1623 fungos
1261 1561 1478 1610 maxime
1539 1559 1820 1611 illustrandi
1872 1561 1997 1612 mihi
2041 1563 2131 1614 visi

141 1658 261 1695 sunt
305 1644 769 1704 PYRENOMYCffl-fis,
812 1641 1029 1711 ideoque
1070 1643 1126 1693 aci
1170 1643 1399 1695 studium
1446 1644 1598 1696 buius
1628 1645 1799 1696 classis
1844 1664 1922 1697 me
1963 1660 2130 1699 totum

146 1726 364 1780 contuli.

289 1811 357 1863 ΙΙΙ
398 1809 775 1862 Saccardianam
811 1814 1189 1863 taxonomicam
1222 1811 1616 1881 dispositionem
1649 1829 1854 1866 secutus
1883 1833 2016 1878 sum,
2048 1816 2137 1884 pri-

145 1914 288 1947 mum
323 1894 438 1963 quia
461 1895 699 1946 omnium
726 1896 1268 1947 convenientissin‘iam
1316 1898 1617 1960 existimavi,
1658 1900 1838 1951 deinde
1868 1918 1971 1969 quo
2001 1918 2132 1968 opus

145 1999 338 2045 meum,
380 1997 497 2030 cum
542 1980 805 2030 SYLLOGES
847 1979 1074 2046 ejusdem
1119 1996 1249 2033 esset
1291 1983 1576 2045 illustratio,
1613 1983 1762 2050 hujus
1810 1985 2132 2036 continuatio

146 2080 192 2116 et
235 2064 677 2132 complementum
725 2063 1005 2117 haberetur.

291 2149 357 2201 IV
397 2151 474 2202 Ne
516 2149 636 2218 quid
681 2150 727 2200 in
772 2149 1100 2215 originalium
1145 2153 1486 2220 speciminum
1543 2153 1715 2204 studio
1772 2153 2138 2221 praetermitte-

147 2249 281 2286 retur
322 2253 472 2302 quam
517 2234 908 2300 diligentissime
949 2236 1139 2302 curavi,
1191 2255 1244 2287 ea
1287 2239 1574 2305 praesertim
1636 2253 1860 2289 accurate
1920 2239 2046 2290 inter
2087 2255 2139 2289 se

146 2337 446 2386 comparans
489 2336 614 2386 quae
657 2318 871 2369 identica
915 2319 1040 2370 mibi
1086 2320 1391 2373 viderentur.

288 2401 330 2453 V
374 2402 598 2469 Operam
643 2401 1065 2472 diligentiamque
1109 2407 1155 2455 in
1200 2403 1378 2470 figuris
1420 2405 1735 2457 delineandis
1795 2421 1942 2475 atque
1986 2407 2141 2460 litho-

146 2487 380 2555 graphice
421 2486 713 2554 sculpendis
755 2505 906 2555 quam
952 2490 1222 2540 maximam
1269 2490 1434 2557 posui,
1480 2510 1538 2542 ne
1568 2490 1687 2558 quid
1718 2492 1910 2542 veritati
1956 2492 2138 2543 videre·

148 2585 228 2623 tur
267 2571 509 2624 ablatum.

292 2654 356 2707 Vl
401 2656 477 2708 Ad
525 2674 713 2708 nomen
756 2655 1006 2725 cujusque
1035 2658 1218 2725 speciei
1255 2677 1407 2710 suum
1445 2659 1711 2711 SYLLoGfis
1753 2658 1924 2711 locum
1970 2658 2135 2711 rettuli

153 2741 574 2808 praecipuamque
617 2754 834 2791 veterem
878 2755 924 2791 et
967 2759 1150 2792 novam
1194 2741 1479 2810 (interdum
1524 2743 1671 2794 etiam
1716 2744 2008 2812 copiosam)
2057 2760 2138 2809 sy-

151 2827 450 2891 nonymiam
477 2825 702 2891 adjunxi,
726 2824 785 2876 de
827 2843 924 2893 qua
966 2826 1253 2893 typicorum
1285 2828 1626 2895 speciminum
1654 2826 1869 2892 diligens
1898 2828 2128 2879 studium

153 2927 231 2960 me
272 2907 597 2961 admonebat.

291 2991 381 3044 Vll
427 2993 481 3044 In
525 2991 626 3043 fine
690 2992 940 3062 cujusque
1002 2995 1214 3059 generis,
1277 2994 1336 3046 de
1395 2993 1657 3062 speciebus
1719 2994 1962 3046 omnibus
2019 3012 2134 3046 sum

150 3074 283 3129 brevi
326 3076 544 3139 locutuS,
585 3095 708 3146 quas
751 3078 1141 3143 investigatione
1204 3084 1431 3146 persequi
1496 3098 1596 3130 non
1660 3079 1824 3146 potui,
1877 3080 1979 3130 sive
2022 3079 2138 3148 quia
