2429 3567
297 242 355 291 88

293 343 399 380 ridiis
419 342 549 390 primo
567 341 782 389 4-guttatis
810 338 1127 388 uniseptatisquc
1155 340 1246 377 dein
1280 336 1679 385 tantumuniseptatis
1699 334 1819 373 etiam
1841 333 2300 384 Chlori-Joduri-Zynchi

299 412 389 448 ope,
422 413 535 443 22-24
553 413 660 446 :4-5,
687 400 1038 437 melleo-viridulis
1071 410 1152 436 sec.
1182 409 1290 447 spec.
1308 399 1408 446 orig.
1428 399 1471 434 L.
1492 397 1590 433 Vitis
1617 397 1762 444 (Cast.)
1789 396 1864 432 Pir.
1893 396 2028 433 dubia.
2053 396 2098 433 L.
2121 396 2302 443 inspersa

297 460 464 506 (Schw.)
493 460 610 495 Sacc.
636 459 757 495 dubia
784 460 833 496 L.
859 457 1117 495 Hazslinszkii
1138 458 1252 494 Sacc.
1278 458 1413 494 dubia.
1434 458 1478 493 L.
1508 456 1756 492 massariella
1771 455 1865 492 mihi
1887 455 2042 491 videtur
2061 455 2194 502 potius
2211 455 2304 490 Mas-

293 523 387 555 saria
408 520 451 555 L.
471 519 675 566 Echinops
697 520 745 554 ad
765 529 894 566 genus
914 529 1078 562 novum,
1098 519 1359 566 Pocosplmeria,
1379 517 1563 564 pertinet.
1584 517 1630 553 L.
1651 516 1861 551 Bardanae
1882 515 2060 561 (XVailr.)
2079 514 2195 550 Sacc.
2211 513 2306 560 Spe-

294 579 384 616 cim.
412 579 686 615 Rabenhorst.
715 578 785 625 (F.
815 578 856 613 E.
885 590 921 613 n.
951 578 1033 624 641)
1059 578 1134 614 sub
1163 577 1324 613 nomine
1345 578 1512 625 Sphacria
1539 577 1646 611 Βανά.
1667 576 1716 612 361
1739 575 2004 622 Ophi022.13ard.
2025 580 2063 610 et
2092 575 2142 610 ad
2170 575 2303 622 PIeosp.

293 638 406 684 inst-cl.
436 644 635 684 spectant.
658 638 701 673 L.
729 637 940 685 Gnaphalii
969 638 1116 684 (XVcst.
1139 643 1177 672 et
1197 637 1339 683 Fuck.)
1361 637 1476 672 Sacc.
1508 636 1674 672 incerta.
1704 635 1749 671 L.
1770 633 1923 670 Mulleri
1950 633 2099 681 (Duby)
2124 635 2305 669 Auersw.

297 702 356 730 est
386 696 560 743 Zignoella
590 696 632 731 L.
660 697 902 743 torulispora
930 697 1101 742 (Cooke)
1128 695 1241 732 Sacc.
1269 696 1381 742 Spec.
1412 695 1555 742 origin.
1586 694 1733 731 sterilia
1762 693 1907 736 inveni,
1935 694 2005 728 sed
2033 691 2190 740 species
2210 690 2304 726 mihi

294 755 451 790 videtur
479 756 609 801 aptius
638 756 713 791 sub
744 756 928 803 Ophiobolo
956 756 1138 792 militare.
1167 757 1211 792 L.
1240 756 1513 792 Saccardiana
1535 755 1652 791 Fabr.
1672 760 1731 790 est
1753 754 1985 789 Melanomma
2014 754 2236 800 megalospor.
2258 751 2302 786 L.

298 814 517 861 Castagnei
545 814 655 859 (Dur.
684 821 722 850 et
751 815 894 861 Mont.)
921 815 1037 851 Sacc.
1066 815 1237 862 Specim.
1267 814 1366 861 orig.
1394 814 1540 850 sterilia
1570 814 1717 857 inveni,
1747 819 1784 848 et
1813 812 2085 848 Saccardiana
2117 821 2198 846 non
2227 808 2305 845 vidi

294 875 339 910 L.
370 873 656 910 massarioides
685 874 796 910 Sacc.
818 879 855 909 et
875 873 994 920 Speg.
1013 885 1061 909 ex
1081 873 1296 920 authopsia
1325 873 1488 920 specim.
1518 873 1619 920 orig.
1641 872 1736 908 mihi
1756 872 1914 908 videtur
1940 872 2182 919 Lophiosloma
2212 880 2305 905 nam

294 933 426 969 ostioli
455 939 548 968 sunt
569 945 588 968 e
610 935 733 968 latere
761 933 995 979 compressi,
1015 940 1054 968 et
1074 933 1248 980 sporidia
1279 936 1498 980 8-septata,
1531 932 1852 978 ssavo-fuliginea
1881 931 2020 967 loculis
2048 929 2204 966 extimis
2226 930 2303 976 pal-

294 993 514 1029 lidioribus.
542 993 584 1029 L.
612 993 900 1040 primulaecola
933 993 1092 1039 (wint.)
1121 993 1235 1029 Sacc.
1261 999 1321 1029 est
1350 994 1517 1041 Metasph.
1546 993 1589 1028 L.
1619 993 1847 1029 hedericola
1873 990 2040 1038 (Desm.)
2069 990 2183 1026 Sacc.
2212 989 2306 1024 mihi

296 1051 429 1087 dubia.
458 1052 502 1086 L.
530 1051 839 1098 Scrophulariae
869 1051 1034 1098 (Desm.)
1063 1052 1176 1088 5366.
1205 1064 1254 1088 ex
1281 1052 1494 1098 authopsia
1522 1052 1688 1098 specim.
1719 1051 1860 1098 origin.
1888 1051 1937 1086 ad
1965 1050 2193 1097 ‘Pleosporam
2223 1059 2308 1096 per-

293 1111 402 1146 tinet.
432 1111 474 1146 L.
502 1109 697 1157 impressa
726 1111 825 1157 (Pr.)
852 1110 965 1146 5366.
993 1110 1159 1147 incerta.
1182 1111 1224 1146 L.
1245 1110 1481 1158 sorgophila
1508 1110 1660 1156 (Peck.)
1684 1109 1798 1146 Sacc.
1818 1120 1866 1146 ex
1887 1119 1996 1156 spec.
2026 1109 2125 1155 orig.
2145 1115 2205 1143 est
2226 1109 2309 1155 Spo-

293 1172 424 1204 rormia
453 1172 675 1218 Itpwspbacr.
706 1171 750 1205 L.
777 1170 1021 1217 crastophila
1049 1171 1165 1206 Sacc.
1190 1181 1313 1217 quam
1340 1171 1605 1218 Leplosphaeria
1634 1169 1792 1206 videtur
1811 1169 1944 1216 potius
1967 1170 2191 1216 Sphaerell‹1;
2217 1177 2307 1214 spo-

295 1229 393 1265 ridia
422 1240 515 1265 raro
545 1230 755 1277 biseptata‚
793 1230 990 1274 nubilosa,
1028 1230 1201 1278 hyalina.
1228 1231 1288 1266 An
1328 1229 1614 1278 Memphin-ria?
1642 1230 1682 1265 L.
1712 1230 1890 1265 Luzulae
1923 1228 2046 1265 Wint.
2083 1237 2162 1263 sec.
2200 1236 2312 1273 spec.

296 1287 398 1335 orig.
424 1294 486 1323 est
516 1289 784 1336 Mctasphaeria.
813 1289 859 1324 L.
889 1288 1169 1324 heloniaesolia
1197 1288 1260 1329 (C.
1279 1294 1316 1323 et
1337 1287 1399 1333 E.)
1419 1288 1533 1324 Sacc.
1553 1293 1612 1323 est
1635 1289 1889 1336 Stagonospora
1911 1288 1953 1324 L.
1975 1286 2164 1324 scabiens
2182 1285 2308 1332 (Ces.)

296 1348 411 1384 Sacc.
441 1347 607 1384 incerta.
640 1348 682 1383 L.
712 1347 892 1384 Smilacis
921 1348 1063 1395 (Cast.)
1089 1348 1202 1384 Sacc.
1234 1349 1398 1395 specim.
1427 1347 1525 1395 orig.
1553 1347 1719 1391 sterilia3
1747 1348 1842 1384 mibi
1870 1348 2005 1384 dubia.
2038 1347 2082 1382 L.
2109 1344 2309 1393 triglochi-

297 1408 427 1443 nicola
455 1407 604 1454 (Curr.)
632 1407 747 1444 Sacc.
774 1407 867 1443 mihi
896 1407 1031 1444 dubia.
1060 1409 1103 1444 L.
1131 1410 1237 1443 clara
1266 1407 1424 1454 (Cooke
1444 1414 1483 1443 et
1503 1408 1708 1454 Auei‘sw.)
1737 1407 1849 1444 Sacc.
1878 1417 1960 1444 sec.
1991 1404 2157 1453 specim.
2180 1403 2308 1440 wint.

295 1472 355 1502 est
383 1467 590 1514 Dia‘yneclhi.
620 1467 663 1501 L.
691 1466 965 1502 monilisormis
992 1467 1167 1513 (Fuck.)
1195 1467 1307 1503 5366.
1335 1467 1508 1514 specim.
1538 1466 1636 1513 orig.
1665 1465 1811 1502 sterilia
1837 1465 1992 1512 inveni;
2026 1464 2183 1513 species
2213 1462 2307 1499 mihi

296 1527 427 1562 dubia.
456 1527 502 1562 L.
532 1526 706 1572 Asplenii
734 1526 854 1573 (Rab.
882 1533 919 1562 et
947 1527 1094 1573 Niessl)
1122 1527 1238 1563 5366.
1268 1527 1361 1563 mihi
1389 1527 1522 1563 dubia.
1543 1528 1585 1564 L.
1606 1526 1728 1573 caffra
1757 1526 1932 1562 Thuem.
1952 1525 2022 1562 Est
2042 1524 2307 1562 verisimiliter

295 1586 390 1621 novi
418 1585 576 1632 generis
612 1591 732 1632 typus
767 1587 1039 1634 Metasphaeriae
1074 1593 1283 1634 cin-agnatae
1318 1586 1461 1633 atjinis.
1488 1587 1532 1622 L.
1559 1586 1815 1622 stictostoma
1843 1585 1904 1631 (Β.
1929 1590 1967 1620 et
1997 1584 2074 1629 ΒΓ.)
2102 1584 2216 1620 5366.
2245 1586 2306 1617 est

296 1646 462 1694 Melasph.
490 1646 535 1680 L.
565 1646 797 1692 Lophanthi
831 1646 891 1692 (Β.
919 1652 957 1681 et
984 1645 1043 1693 C.)
1072 1646 1187 1682 5366.
1217 1657 1299 1683 non
1336 1647 1413 1682 vidi
1441 1652 1479 1682 et
1507 1658 1526 1682 e
1555 1646 1739 1693 diagnosi
1776 1645 1871 1682 mihi
1913 1644 2034 1681 dubia
2062 1642 2230 1679 videtur.
2265 1641 2310 1678 L.

297 1704 455 1740 Teucrii
496 1705 694 1751 (Crouan)
734 1705 846 1741 Sacc.
875 1705 926 1742 id.
956 1706 1001 1742 L.
1030 1707 1205 1742 nesodes
1239 1707 1298 1753 (Β.
1328 1713 1367 1742 et
1394 1706 1473 1752 ΒΓ.)
1504 1705 1619 1742 Sacc.
1657 1705 1878 1753 specimina
1914 1703 2016 1751 orig.
2058 1703 2167 1738 haud
2206 1702 2308 1737 bene

296 1764 459 1799 evoluta
488 1763 559 1799 sed
587 1763 720 1810 potius
748 1765 797 1800 ad
827 1764 1001 1812 Metasph.
1029 1765 1228 1811 pertinent
1257 1765 1301 1802 L.
1331 1765 1451 1801 Ianus
1478 1765 1536 1808 (Β.
1558 1771 1596 1800 et
1617 1764 1683 1811 C.)
1711 1763 1824 1800 Sacc.
1854 1763 2075 1811 specimina
2103 1762 2203 1809 orig.
2234 1766 2312 1796 ste-

299 1823 381 1859 rilia
420 1824 571 1869 inveni,
609 1824 786 1860 ellisiana
824 1835 922 1861 vero
958 1825 1110 1871 (North
1148 1828 1235 1862 Am.
1263 1826 1304 1861 F.
1331 1838 1367 1862 n.
1404 1827 1508 1872 ¹299)
1544 1827 1676 1873 potius
1716 1827 1765 1861 ad
1806 1826 1973 1872 Metasph.
2010 1824 2225 1872 pertinent.
2263 1823 2309 1858 L.

296 1884 469 1919 taxicola
497 1885 650 1931 (Peck.)
677 1884 791 1920 Sacc.
820 1885 990 1920 Pulchra
1019 1888 1090 1921 sed
1119 1886 1286 1934 Metasph.
1314 1886 1357 1920 L.
1379 1886 1633 1932 olivaespora
1654 1885 1710 1931 (Β.
1739 1891 1776 1920 et
1804 1884 1863 1930 C.)
1888 1884 2004 1921 Sacc.
2035 1889 2095 1919 est
2121 1883 2309 1930 ‘Plcospora

297 1945 570 1989 (Gathar-himin).
597 1943 780 1990 Sporidia
808 1944 846 1979 in
876 1955 1011 1980 massa
1041 1944 1105 1980 vix
1131 1944 1384 1981 virescentia.
1413 1945 1455 1981 L.
1484 1944 1690 1980 stictoides
1717 1944 1787 1990 (Β.
1817 1951 1854 1980 et
1882 1944 1962 1990 ΒΓ.)
1990 1943 2103 1979 5366.
2134 1941 2310 1989 sporidia

298 2004 460 2050 hyalina
488 2010 526 2039 et
555 2003 816 2040 murisormia.
846 2004 889 2039 L.
909 2003 1132 2048 juncorum
1159 2004 1356 2051 (Crouan)
1383 2005 1497 2041 5366.
1527 2005 1617 2040 Non
1647 2004 1723 2040 vidi
1753 2005 1822 2040 sed
1853 2015 1872 2039 e
1894 2003 2078 2050 diagnosi
2105 2002 2241 2038 dubia.
2263 2002 2308 2037 L.

300 2063 491 2099 Veddellii
519 2064 688 2109 (Mont.)
716 2064 830 2100 Sacc.
868 2064 919 2101 id.
950 2065 994 2101 L.
1023 2064 1274 2100 incarcerata
1312 2064 1374 2111 (Ρ.
1402 2071 1440 2100 et
1469 2064 1544 2111 C.)
1579 2065 1692 2101 Sacc.
1728 2071 1788 2101 est
1832 2065 2097 2100 Passeri'm'clla.
2127 2063 2170 2099 L.
2204 2062 2313 2098 ziza—

299 2123 482 2158 niaecola
522 2123 594 2169 (Β.
623 2127 659 2158 et
689 2123 755 2168 Β.)
796 2123 912 2159 5366.
952 2123 1043 2159 Non
1083 2123 1160 2159 vidi
1201 2125 1271 2160 sed
1301 2136 1322 2160 a
1361 2123 1546 2171 diagnosi
1585 2124 1622 2159 in
1658 2135 1808 2171 genere
1849 2124 1984 2161 dubia.
2023 2124 2069 2160 L.
2106 2123 2311 2159 latebrosa

297 2181 446 2228 (Ellis)
487 2182 600 2218 5366.
639 2188 698 2217 est
738 2183 977 2230 Lophiolrema
1018 2183 1061 2218 L.
1099 2183 1405 2230 phragmiticola
1448 2183 1558 2230 (Cr.)
1590 2183 1704 2221 Sacc.
1733 2196 1753 2220 e
1787 2183 1971 2230 diagnosi
1998 2182 2131 2219 dubia.
2166 2183 2208 2218 L.
2235 2183 2309 2218 du·
2351 2217 2353 2219 ,

299 2243 389 2288 plex
429 2241 589 2287 (Sow.)
637 2241 752 2278 5366.
795 2242 929 2278 dubia.
977 2243 1022 2278 L.
1058 2244 1307 2290 ceratispora
1347 2244 1417 2289 (Β.
1453 2250 1491 2280 et
1528 2244 1600 2287 C.)
1631 2244 1746 2280 5366.
1785 2244 1876 2280 Non
1921 2243 2014 2280 vidi.
2055 2245 2116 2279 An
2156 2244 2202 2280 L.
2238 2253 2304 2277 se-

297 2301 397 2336 riata
439 2301 624 2347 sporidiis
664 2301 1020 2348 germinantibus?
1049 2302 1094 2338 L.
1124 2303 1340 2349 eriophora
1369 2303 1569 2349 (Cooke)
1605 2305 1718 2340 Sacc.
1748 2309 1808 2339 est
1845 2303 1939 2339 novi
1976 2303 2134 2350 generis
2173 2303 2310 2348 (Poso-

298 2362 474 2407 sphacriae
498 2362 512 2402 )
542 2367 674 2408 typus.
702 2362 748 2398 L.
777 2360 971 2396 echinella
999 2360 1194 2405 (Cooke)
1223 2361 1300 2398 Th.
1329 2369 1388 2398 est
1414 2364 1664 2410 Pyrcnophora
1693 2364 1736 2399 L.
1766 2361 1966 2398 cii-einans
1993 2362 2156 2408 (Fuck.)
2193 2361 2308 2398 Sacc.

300 2419 391 2455 Non
420 2420 497 2455 vidi
525 2421 596 2456 sed
626 2431 645 2455 e
674 2420 859 2467 diagnosi
887 2421 936 2455 ad
966 2421 1240 2456 Passerinicllam
1281 2421 1562 2457 adscribenda.
1601 2423 1645 2458 L.
1673 2422 1850 2458 demissa
1877 2421 2006 2458 Niessl
2045 2427 2104 2457 est
2141 2421 2310 2469 Metaspl).

299 2479 346 2515 L.
386 2479 698 2526 ophioboloides
728 2480 841 2516 Sacc.
870 2486 929 2516 est
960 2480 1053 2517 novi
1082 2481 1243 2526 generis
1272 2481 1647 2532 (Leptosphaeriopsis)
1687 2488 1819 2530 typus.
1848 2483 1894 2518 L.
1915 2481 2217 2529 diaporthoides
2245 2480 2312 2516 W.

298 2540 430 2586 aptius
458 2541 540 2575 Met.
570 2540 613 2575 L.
643 2540 842 2577 Ceanotbi
871 2540 930 2586 (C.
958 2547 996 2577 et
1023 2540 1090 2586 H.)
1118 2540 1160 2577 Β.
1190 2546 1227 2576 et
1257 2541 1302 2575 V.
1338 2549 1397 2578 est
1426 2543 1670 2590 Sphaerulina.
1701 2543 1748 2578 L.
1779 2541 1995 2579 Gillotiana
2022 2541 2138 2578 5366.
2176 2540 2310 2588 potius

299 2601 532 2636 Melanomnm
561 2600 842 2637 subcorticale.
870 2601 915 2638 L.
945 2601 1174 2638 calisornica
1199 2601 1260 2648 (C.
1293 2609 1331 2638 et
1359 2603 1425 2648 11.)
1452 2603 1495 2640 Β.
1524 2609 1562 2638 et
1590 2603 1635 2639 V.
1663 2603 1734 2639 Est
1761 2605 1928 2651 Metasph.
1955 2603 1998 2638 L.
2027 2603 2155 2638 odora
2184 2600 2242 2647 (C.
2271 2606 2310 2636 et

299 2659 363 2699 11.)
391 2659 430 2695 Β.
459 2666 496 2695 et
526 2660 572 2695 V.
599 2666 658 2696 est
689 2661 899 2708 Calospora;
933 2661 1107 2707 sporidia
1143 2661 1179 2696 in
1217 2673 1350 2698 massa
1380 2662 1444 2699 vix
1470 2663 1721 2700 lutescentia.
1749 2663 1794 2698 L.
1825 2661 1978 2698 marina
2007 2661 2052 2698 E.
2082 2666 2119 2696 et
2147 2661 2189 2698 E.
2219 2662 2311 2707 pul-

303 2721 400 2755 chra
429 2721 499 2755 sed
529 2721 694 2768 Metasph.
722 2721 764 2756 L.
792 2720 1058 2767 hysterioides
1087 2721 1130 2758 E.
1159 2727 1197 2756 et
1225 2721 1266 2758 E.
1295 2722 1344 2758 id.
1373 2723 1415 2759 L.
1444 2723 1644 2759 infernalis
1672 2729 1731 2758 est
1759 2723 1942 2770 Plcospom
1964 2723 2109 2757 Pastum
2130 2722 2172 2757 L.
2192 2723 2312 2768 phor-

302 2779 447 2815 micola
475 2779 520 2816 C.
549 2786 585 2815 et
614 2781 661 2816 H.
691 2787 751 2816 est
779 2781 859 2816 Met.
888 2781 933 2817 L.
963 2781 1109 2817 Poterii
1146 2781 1254 2818 Pass.
1296 2788 1356 2818 est
1383 2784 1556 2830 Lophiost.
1592 2784 1696 2819 insid.
1737 2782 1887 2829 sporid.
1922 2787 2074 2828 5-sept.
2113 2781 2311 2828 appendi-

299 2837 487 2884 culigera.
515 2839 558 2873 L.
586 2838 778 2875 carduina
806 2839 916 2875 Pass.
944 2846 1004 2875 est
1029 2840 1089 2876 ῬΙ.
1117 2843 1250 2887 oblong.
1273 2842 1315 2876 L.
1343 2842 1560 2878 consimilis
1581 2841 1625 2878 E.
1647 2847 1684 2877 et
1704 2840 1747 2878 E.
1766 2846 1825 2876 est
1854 2840 2085 2876 Melanomma
2106 2840 2148 2875 L.
2169 2839 2308 2876 Ericae

300 2897 400 2943 (Fr.)
423 2898 568 2934 Malbr.
599 2904 658 2934 est
687 2899 934 2947 Melampulv.
958 2907 1040 2947 pyr.
1067 2900 1109 2935 L.
1137 2900 1303 2937 dichroa
1335 2901 1447 2938 Pass.
1475 2907 1536 2938 est
1565 2901 1659 2938 novi
1686 2900 1847 2948 generis
1873 2900 2151 2947 (Passer-Inidia)
2179 2905 2309 2947 typus.

425 3039 976 3087 LEPTOSPHAt-:Riopsis
1009 3042 1120 3086 sserl.
1155 3056 1257 3086 nov.
1290 3057 1392 3098 gen.
1417 3044 1662 3087 Perithecia
1686 3049 1728 3086 et
1750 3043 1839 3085 asci
1864 3049 1910 3085 ut
1933 3043 1975 3084 in
2013 3043 2307 3098 Leptosphae·

307 3117 395 3160 rim
427 3112 618 3166 sporidia
650 3113 693 3154 in
727 3126 831 3156 asco
864 3113 986 3168 apice
1019 3127 1222 3157 connexa
1254 3116 1331 3157 sed
1363 3122 1486 3158 extra
1517 3129 1671 3159 ascum
1710 3127 1888 3170 semper
1925 3115 2063 3157 divisa
2097 3119 2172 3170 (et
2202 3120 2302 3158 tum

314 3184 390 3240 10)
425 3196 674 3240 numquam
708 3185 860 3228 loculis
898 3186 1223 3230 secedentibus.
