2429 3567
2090 216 2161 250 101

258 296 371 345 Hah.
391 306 434 343 in
456 296 698 343 corticibus
722 295 837 343 Uimi
863 301 1123 356 campestris
1147 307 1191 342 el
1212 296 1364 343 Salicis
1387 297 1548 354 fragilis
1571 307 1615 344 in
1652 321 1669 339 ‹<
1688 297 1977 358 Rhenogovia
2000 322 2015 341 »
2044 303 2166 354 (Tan.

168 372 284 423 XCV,
316 371 386 428 ἧς.
419 374 460 417 2.
493 398 551 402 —
583 373 647 413 Ex
680 385 799 426 spec.
833 373 941 426 orig,
976 372 1017 412 in
1052 371 1187 415 Fuck.
1222 371 1363 425 Fungi
1399 373 1522 416 rhen.
1558 374 1583 416 l.
1617 386 1654 416 e.
1689 374 1814 416 editis
1843 379 1885 414 et
1909 387 1932 415 3
1956 374 2008 416 cl.
2030 373 2167 415 Briosi

173 444 388 486 benevole
421 444 620 499 comm).

256 515 503 556 Perithecia
535 515 750 571 gregaria,
783 515 1046 569 plerumque
1090 513 1432 566 semiimmersa,
1478 513 1592 571 73-Ὺέ
1628 527 1734 557 mm.
1769 515 1824 562 d..
1871 515 2167 565 carbonace33

170 586 256 627 asci
298 586 376 628 105
406 581 485 627 126
508 601 525 619 v
554 587 700 636 16-183
736 587 927 641 sporiclia
961 586 1090 627 32-35
1114 601 1132 619 ε
1155 585 1241 642 6-8,
1277 585 1420 639 primo
1454 585 1717 641 bfflucleata,
1751 586 1852 627 dein
1887 586 2125 640 triseptata.

258 656 483 712 Ziflnoeiia
519 657 715 702 scalaris
749 657 869 712 (Dur.
904 664 946 699 et
978 658 1136 707 Mont.)
1169 657 1281 700 Berl.
1315 657 1535 711 Sphaeria
1558 658 1749 698 scalaris
1772 656 1844 700 Dr.
1869 663 1911 697 et
1935 657 1992 700 M.
2017 657 2168 711 Crypt.

169 743 210 773 n.
246 729 343 779 835,
377 736 420 771 et
441 729 503 774 Fl.
528 731 626 783 Alg.
660 730 686 773 Ι.
711 743 750 784 p.
779 729 875 773 510.
910 731 1245 784 Malasplzaeria
1280 731 1471 770 scalaris
1505 728 1630 771 8366.
1655 728 1757 781 Syll.
1792 728 1891 781 Pyr.
1917 727 1960 772 ΙΙ,
1996 740 2037 780 p.
2078 729 2171 769 108.

258 802 372 845 Hal).
405 806 448 843 in
484 807 622 843 ramis
655 801 791 842 Oieae
825 814 1046 854 europeae
1089 801 1296 854 «Alger»
1338 798 1461 854 (Tah.
1495 799 1650 846 ΧῦνΙΙ,
1691 798 1761 856 fiq.
1796 800 1823 843 Ι.
1875 823 1917 829 —-
1950 798 2016 839 Ex
2054 812 2172 851 spec,

172 873 280 926 orig.
315 887 338 914 3
373 873 424 916 cl.
460 873 611 915 Hariot
645 873 813 914 Musaei
847 872 1110 914 parisiensis
1143 872 1360 914 benevole
1394 870 1591 927 comm.).

258 944 505 986 Perithecia
539 958 692 999 sparsa
726 946 793 987 vel
829 945 901 987 vix
933 945 1149 999 gregaria,
1183 958 1325 999 usque
1359 943 1446 985 fere
1487 956 1498 983 1
1541 956 1648 986 mm.
1683 944 1738 1000 d.‚
1784 948 1993 985 contextu
2028 942 2177 984 carbo-

169 1028 323 1063 naceo,
358 1029 530 1067 crass03
567 1017 655 1059 asei
691 1017 882 1071 perfecte
906 1017 1185 1071 cylindraeei,
1214 1017 1405 1071 240-260
1426 1035 1447 1051 v
1475 1028 1547 1066 10;
1572 1015 1763 1069 sporidia
1798 1014 2077 1056 monosticha
2105 1014 2176 1055 30-

171 1087 224 1128 33
246 1106 267 1122 ε
289 1087 327 1131 8.
352 1087 509 1142 Aptius
546 1089 854 1131 Saceardoella
875 1094 890 1129 ?

267 1158 491 1214 ziqnoeua
525 1159 790 1217 Astrocaryi
825 1160 1016 1216 (Cooke)
1050 1161 1175 1205 Sacc.
1210 1160 1312 1213 Syll.
1346 1159 1445 1214 Pyr.
1480 1159 1522 1202 ΙΙ.
1556 1172 1597 1212 p.
1637 1158 1731 1202 218.
1759 1158 1976 1213 Splzaeria
2002 1159 2180 1199 Astroc.

172 1231 326 1273 Cooke
360 1231 495 1274 Some
530 1232 757 1276 Extraeur.
790 1231 931 1285 Fungi
968 1232 1010 1273 in
1046 1232 1177 1275 Grev.
1211 1232 1294 1280 Vll,
1329 1244 1369 1285 p.
1411 1230 1474 1273 15.

263 1303 376 1344 Hah.
412 1309 455 1346 in
483 1306 663 1358 petiolis
697 1304 948 1358 Astrocaryi
982 1310 1026 1346 in
1067 1303 1319 1345 «Brasilia»
1362 1301 1485 1358 (Tab.
1519 1301 1685 1353 xcviii,
1718 1301 1786 1356 ῆς.
1821 1300 1846 1345 Ι.
1880 1327 1937 1330 -
1968 1301 2033 1341 Ex
2057 1314 2176 1354 speC.

172 1374 280 1427 orig.
315 1388 339 1415 3
373 1375 425 1418 61.
460 1375 612 1417 Cooke
647 1376 863 1418 benevole
897 1376 1098 1424 comm).

260 1446 504 1488 Peritheeia
537 1460 702 1502 sparsa,
738 1445 784 1502 Ψ..
819 1460 926 1490 mm.
960 1447 1024 1495 d.;
1049 1447 1137 1488 asci
1161 1458 1323 1501 90-100
1345 1464 1365 1480 e
1393 1445 1549 1498 15-173
1574 1444 1765 1499 sporidia
1793 1444 1920 1486 5863
1945 1459 1962 1478 v
1985 1444 2070 1496 6-7.
2096 1444 2174 1485 Pe-

170 1517 351 1558 rithecia
385 1518 476 1559 basi
513 1518 705 1572 piligera.
742 1520 811 1559 An
847 1519 1232 1573 chsiosplzaeria?

391 1693 633 1750 Species
666 1706 793 1739 non
829 1696 1246 1749 examinatae,
1284 1694 1511 1739 dubiae
1545 1694 1645 1739 vel
1679 1705 1711 1738 e
1745 1705 1974 1749 genere

987 1791 1371 1836 amovendae

253 1932 364 1978 Zign.
396 1932 536 1968 conica
565 1933 714 1979 (Fuclz)
741 1932 852 1969 8366.
882 1933 973 1972 Non
1004 1932 1092 1969 vidi.
1122 1933 1162 1969 Ζ.
1189 1931 1377 1968 aterrima
1406 1932 1562 1978 (Fuck.)
1590 1931 1703 1968 8366.
1731 1931 1780 1966 id.
1809 1931 1849 1968 Z.
1884 1929 2018 1966 inflata
2056 1929 2183 1976 (Ellis)

181 1997 295 2033 8366.
337 2004 396 2033 est
444 1997 608 2033 Winteria
651 1998 692 2034 Z.
731 1998 904 2034 sunicoia
945 1997 1064 2043 (ΕΗ.)
1101 1998 1214 2033 8366.
1250 2003 1310 2032 est
1347 1999 1531 2045 Pleospora
1579 1998 1841 2044 hyalospora.
1879 1997 1920 2032 Z.
1961 1996 2182 2031 rhitidodes

171 2060 227 2105 (B.
255 2066 292 2095 et
321 2060 400 2106 Er.)
427 2060 541 2097 Sacc.
571 2068 630 2097 est
660 2062 891 2097 Mclrznomnm
920 2073 1014 2097 riam
1043 2061 1218 2108 sporidia
1246 2067 1339 2096 sunt
1367 2062 1489 2097 lutea.
1518 2061 1560 2097 Ζ.
1582 2061 1733 2096 incerta
1767 2061 1884 2107 Speg.
1905 2061 1995 2096 Non
2024 2061 2113 2097 vidi.
2142 2061 2184 2095 Z.

112 2143 114 2145 >
172 2126 343 2161 Proteus
370 2125 428 2173 (Β.
456 2132 493 2161 et
522 2126 587 2172 C.)
614 2126 725 2162 8366.
755 2127 795 2162 In
824 2126 1032 2173 specimin.
1062 2127 1163 2173 orig.
1193 2138 1215 2162 a
1244 2128 1289 2164 cl.
1318 2127 1460 2162 Cooke
1489 2132 1526 2161 et
1555 2127 1602 2161 61.
1642 2126 1782 2161 Hariot
1819 2127 2014 2162 benevole
2055 2125 2186 2162 missis

173 2197 369 2227 stromata
409 2193 691 2239 IIyp0.x·ylaccam
733 2193 952 2238 quamdam
996 2192 1254 2227 immaturam
1291 2191 1479 2234 indicant,
1515 2192 1611 2226 dum
1649 2191 1866 2237 perithecia
1903 2192 2092 2238 cupulata
2140 2191 2189 2226 ad

174 2256 394 2292 Lichenern
423 2255 729 2303 dictyosporum
758 2257 968 2303 pertinent.
1003 2258 1041 2292 Z.
1071 2257 1258 2303 papillam
1286 2258 1438 2305 (Fuek.)
1477 2257 1591 2292 8366.
1630 2257 1719 2292 Non
1759 2256 1834 2293 vidi
1872 2257 1910 2292 Z.
1946 2256 2185 2292 ostioloidea

173 2320 350 2367 (Cooke)
376 2321 489 2357 8366.
517 2321 681 2367 specim.
709 2322 809 2367 orig.
836 2321 993 2356 sterilia.
1034 2322 1074 2356 Z.
1109 2308 1403 2367 paecilosiosna
1431 2321 1491 2367 (Β.
1521 2326 1558 2356 et
1589 2321 1664 2367 ΒΓ.)
1701 2320 1818 2357 8366.
1861 2326 1919 2355 est
1947 2320 2184 2367 Lophiotrema

170 2395 424 2435 praemorsum.
452 2387 492 2422 Z.
519 2386 747 2433 populicola
776 2385 875 2433 (Cr.)
902 2387 1015 2422 8366.
1044 2387 1134 2424 Non
1165 2387 1253 2430 vidi,
1271 2387 1364 2423 mihi
1393 2387 1508 2422 valde
1536 2386 1669 2422 dubia.
1690 2389 1725 2421 Z.
1745 2385 1902 2430 tingens
1924 2385 2051 2432 (Ces.)
2070 2385 2185 2421 8366.

176 2453 270 2488 Non
299 2452 387 2489 vidi.
406 2453 443 2489 Z.
473 2452 793 2488 verrucarioides
820 2452 915 2499 (Cr.)
941 2452 1056 2489 8366.
1086 2452 1180 2488 mihi
1210 2453 1324 2489 valde
1365 2452 1497 2489 dubia.
1534 2453 1574 2488 Z.
1609 2457 1841 2499 cryptarum
1881 2450 2038 2497 (Fuck.)
2076 2449 2188 2484 8366.

179 2516 270 2552 Non
300 2515 388 2552 vidi.
407 2517 444 2553 Z.
474 2527 688 2563 emergens
717 2516 881 2561 (Karst.)
909 2516 1021 2552 8366.
1048 2516 1221 2562 Specim.
1249 2516 1350 2563 orig.
1379 2516 1539 2552 sterilia.
1579 2516 1617 2551 Z.
1649 2516 1849 2562 Sequoiae
1890 2514 2037 2560 (Peck.)
2077 2514 2189 2548 Sacc.

179 2581 270 2617 Non
298 2581 388 2617 vidi.
429 2583 471 2618 Z.
512 2582 811 2628 transylvanica
852 2582 983 2616 Rehm
1024 2581 1162 2616 Potius
1204 2582 1453 2617 Saccurdoella.
1493 2582 1531 2616 Z.
1572 2579 1699 2628 Dubyi‘
1742 2568 1799 2625 (Ι).
1840 2580 1942 2624 Not.)
1983 2579 2073 2623 Non
2114 2579 2193 2614 vidi

177 2649 215 2684 Z.
245 2647 441 2693 insculpta
469 2646 567 2694 (Fr.)
593 2647 708 2684 8366.
738 2647 903 2692 specim.
934 2658 954 2682 3
983 2647 1031 2684 61.
1073 2646 1307 2682 Ondemans
1348 2647 1544 2682 benevole
1580 2645 1826 2682 communie.
1855 2644 2000 2680 sterilia
2041 2644 2187 2679 inveni.

181 2713 391 2759 ZignOella
432 2712 584 2749 Miilleri
627 2713 775 2760 (Duby)
801 2713 900 2750 Berl.
928 2712 1036 2760 (Lepi.
1053 2713 1153 2748 Mzcll.
1173 2713 1288 2750 Sacc.
1318 2712 1409 2759 Syll.
1429 2713 1472 2755 11,
1497 2724 1532 2759 p.
1555 2713 1621 2758 39).
1645 2711 1870 2758 Specimina
1889 2709 2031 2756 origin.
2047 2716 2190 2745 natura

179 2777 324 2824 perith.
351 2783 458 2813 certe
488 2779 537 2814 ad
567 2778 676 2825 Zign.
713 2784 910 2824 spectant,
939 2778 1008 2813 sed
1038 2778 1146 2813 haud
1174 2777 1245 2813 rite
1275 2784 1433 2813 matura
1462 2777 1690 2813 observavi.
1728 2776 1891 2823 Species
1931 2787 2055 2821 quare
2096 2774 2191 2810 mihi

184 2843 336 2878 incerta
365 2842 532 2880 videtur.
562 2844 601 2880 Z.
630 2843 840 2890 Haynaldii
869 2843 930 2879 86.
959 2849 996 2878 et
1025 2842 1061 2878 S.
1091 2853 1172 2878 non
1201 2842 1291 2880 vidi.
1319 2843 1358 2877 Z.
1386 2842 1650 2879 ramenticola
1678 2842 1769 2878 Sch.
1798 2848 1834 2876 et
1863 2841 1900 2876 8.
1928 2840 1978 2877 id.
2009 2841 2050 2878 Z.
2077 2840 2190 2875 Ebuii

183 2909 326 2945 Maibr.
356 2915 394 2944 et
422 2909 544 2946 Brun.
574 2915 634 2944 est
663 2910 839 2957 Lophiotr.
863 2916 1120 2956 ριίιωηιπςιιηι,
1149 2918 1196 2943 ex
1217 2907 1383 2954 specim.
1405 2908 1502 2954 orig.
1522 2911 1561 2945 Z.
1583 2906 1865 2943 Bizzozeriana
1887 2906 2012 2943 Cocc.
2033 2911 2070 2940 et
2090 2906 2192 2940 Mor.

183 2978 242 3007 est
279 2973 448 3008 Giherella
469 2975 654 3021 pulicariS.
684 2973 724 3008 Z.
752 2971 953 3008 salicicola
983 2971 1101 3008 Fabr.
1130 2982 1211 3007 non
1240 2971 1330 3008 vidi.
1357 2972 1396 3008 Z.
1424 2971 1658 3019 longispora
1679 2971 1797 3018 Speg.
1833 2970 1884 3008 id.
1915 2970 1952 3006 Z.
1988 2970 2192 3016 leptospo·

183 3049 226 3073 ra
267 3038 333 3085 Sp.
363 3038 413 3076 id.
444 3039 482 3073 Z.
521 3038 763 3085 patagonica
792 3037 910 3085 Speg.
938 3037 985 3072 id.
1016 3037 1055 3071 Z.
1083 3038 1270 3073 australis
1297 3037 1418 3083 Speg.
1460 3037 1509 3073 id.
1550 3037 1589 3072 Z.
1618 3036 1805 3071 adiuncta
1843 3035 1953 3071 Pass.
1982 3039 2042 3069 est
2078 3034 2195 3069 Mela—

184 3115 321 3138 uommcz
349 3103 637 3152 ‘Pulvis-pyriuS.
664 3103 847 3150 Sporidia
876 3107 968 3138 sunt
996 3102 1202 3146 fuscidula‚
1230 3103 1280 3138 ad
1308 3108 1422 3149 septa
1451 3101 1686 3147 constricta,
1714 3099 1853 3136 loculis
1884 3098 2024 3134 mediis
2049 3098 2194 3133 obscu-

187 3166 376 3212 rioribus,
406 3168 446 3204 Z.
473 3167 735 3204 Oudemansii
764 3167 895 3203 Karst.
925 3166 1094 3213 Specim.
1123 3166 1224 3213 orig.
1246 3165 1404 3202 sterilia.
1424 3166 1463 3204 Z.
1481 3163 1801 3212 paraguayensis
1832 3163 1950 3210 Speg.
1971 3161 2194 3198 Perithecia
