2429 3567
849 671 1395 733 PRAEFATIO

280 1135 552 1196 Quantum
619 1135 668 1186 in
736 1132 1070 1200 mycologicis
1129 1132 1328 1194 studiis,
1388 1144 1502 1200 post
1565 1129 1875 1182 celeberrimi
1942 1130 2118 1184 Friesii

137 1241 303 1289 opera,
346 1218 630 1287 profectum
674 1232 819 1280 esset,
862 1237 920 1268 ex
960 1235 1019 1267 eo
1062 1217 1232 1284 paucis
1273 1215 1454 1267 abhinc
1485 1215 1628 1266 annis
1672 1216 1918 1283 percipere
1958 1215 2115 1277 licuit,

139 1307 276 1374 quod
323 1321 505 1354 omnes
560 1320 722 1353 rerum
779 1300 1215 1367 mycologicarum
1268 1299 1557 1367 peritissimi
1613 1299 1714 1349 Viri
1770 1316 1958 1365 magno
2019 1313 2118 1350 stu-

140 1391 225 1441 dio
248 1388 518 1453 flagrarunt
550 1386 657 1437 libri
687 1385 899 1436 alicuius
931 1384 1242 1452 possidendi,
1267 1385 1351 1451 qui
1379 1402 1481 1434 non
1508 1383 1646 1434 aliter
1674 1400 1725 1433 ac
1756 1383 1992 1435 SYsTEMA
2019 1383 2124 1435 MY-

139 1488 450 1526 COLOGICUM
489 1470 622 1539 (non
668 1470 763 1520 iam
810 1469 984 1519 barum
1017 1468 1362 1518 doctrinarum
1395 1467 1580 1535 optatis
1605 1467 1937 1537 respondens)
1967 1486 2123 1520 omne

141 1569 397 1622 mycetum
440 1571 603 1618 genus
643 1552 1008 1620 complectenS,
1063 1553 1348 1603 universam
1404 1552 1686 1620 specierum
1742 1552 1942 1619 copiam
1999 1567 2126 1603 recte

140 1641 448 1707 disponeret,
490 1655 653 1705 eoque
694 1635 812 1688 loco
872 1653 1128 1703 quamque
1170 1634 1456 1697 collocaret,
1512 1635 1597 1703 qui
1649 1636 2125 1703 opportunissimus

142 1722 427 1778 secundum
471 1720 822 1772 taxonomicas
865 1719 999 1785 leges
1044 1718 1310 1771 videretur.

283 1808 456 1875 Itaque
485 1806 682 1857 Doctor
723 1804 988 1867 siwardo,
1028 1804 1112 1872 qui
1157 1803 1252 1855 boc
1282 1803 1496 1855 arduum
1540 1821 1674 1872 opus
1705 1821 1864 1872 usque
1893 1803 1951 1856 ab
1993 1822 2128 1856 anno

151 1895 278 1946 1882
321 1890 557 1942 acerrime
610 1906 840 1955 agressus
899 1902 986 1950 est,
1051 1906 1152 1939 non
1217 1906 1495 1956 paucorum
1555 1906 1809 1940 annorum
1870 1907 2020 1957 opera
2078 1907 2131 1940 ac

145 1977 333 2038 studi0‚
377 1992 509 2043 opus
549 1973 601 2025 in
645 1991 735 2024 sua
775 1973 1014 2024 SYLLOGE
1071 1973 1376 2024 FUNGORUM
1434 1990 1653 2024 oMNiUM
1715 1989 1997 2029 HUCUSQUE
2043 1990 2135 2025 co-

148 2078 428 2115 GNITORUM
493 2058 694 2110 tandem
761 2056 1048 2123 Mycologis
1109 2055 1336 2124 praebuit
1407 2057 1545 2125 quod
1605 2075 1712 2108 eam
1775 2057 2129 2125 descriptionis

150 2148 396 2200 rationem
456 2159 674 2204 servam,
729 2159 826 2210 qua
867 2142 1186 2192 SYsTfiMATts
1241 2142 1579 2193 MYCOLooici
1623 2155 1798 2192 auctor
1852 2159 1973 2192 usus
2038 2154 2127 2204 est,

150 2230 384 2299 superius
426 2240 592 2279 tamen
637 2226 775 2277 sacile
817 2225 990 2287 evasit,
1032 2243 1149 2276 cum
1192 2224 1257 2276 ob
1303 2244 1486 2277 novam
1548 2225 1942 2293 dispositionem
1998 2239 2130 2277 taxo-

150 2316 405 2367 nomicam
453 2325 499 2362 et
540 2309 783 2377 majorem
843 2310 1124 2377 specierum
1187 2309 1512 2360 collectarum
1574 2327 1866 2372 numerum,
1917 2323 2026 2361 tum
2070 2308 2136 2361 ob

151 2418 258 2451 eam
301 2417 451 2467 quam
495 2409 670 2447 auctor
708 2394 1025 2463 (praesertim
1069 2395 1116 2444 in
1180 2392 1351 2459 fungis
1405 2394 1815 2463 inicroscopicis)
1871 2395 2139 2460 microgra-

152 2484 349 2553 pliicam
394 2484 522 2533 viam
566 2492 770 2531 secutus
812 2490 901 2540 est,
943 2496 1141 2546 quaque
1186 2480 1402 2529 maxime
1442 2479 1792 2545 mycologicae
1835 2478 2136 2529 recentiores

153 2567 575 2632 investigationes
617 2576 868 2632 praestant
908 2563 1289 2614 vetustioribus.
1348 2562 1468 2623 Qua
1508 2563 1567 2614 de
1609 2581 1658 2614 re
1697 2562 1803 2629 jure
1844 2580 1896 2612 ac
1939 2562 2139 2623 merito,

153 2652 210 2703 ad
252 2668 501 2717 magnum
544 2648 829 2717 specierum
871 2646 1232 2715 descriptarum
1277 2665 1548 2698 numerum
1580 2661 1810 2715 spectans
1854 2646 1985 2697 idem
2029 2647 2139 2696 Sac-

155 2735 319 2787 cardo:
365 2756 388 2782 r<
435 2735 564 2799 Hoc,
607 2733 789 2801 inquit,
832 2731 1076 2783 affirmare
1118 2731 1281 2782 audeo
1323 2731 1461 2800 quod
1503 2732 1542 2782 si
1585 2733 1712 2783 intra
1753 2748 1939 2798 paucos
1977 2747 2139 2781 annos

159 2820 281 2872 liber
322 2815 683 2886 hujuscemodi
722 2816 885 2868 adhuc
926 2814 1138 2867 defuerit
1180 2817 1541 2884 mycograpliia
1583 2829 1686 2867 tota
1718 2816 1764 2866 in
1796 2815 1950 2865 cbaos
1993 2811 2143 2864 dilabi

160 2906 376 2955 maxime
419 2903 794 2970 periclitaretur.
843 2922 867 2950 »
910 2902 1062 2954 Nunc
1103 2917 1271 2952 autem
1314 2917 1429 2952 cum
1477 2899 1559 2951 tali
1601 2917 1751 2967 opere
1793 2897 2036 2963 fruamur,
2087 2895 2149 2948 af-

157 2988 351 3040 firmare
392 2988 535 3038 omni
579 2987 949 3038 asseveratione
981 3003 1259 3054 possumus
1291 3002 1506 3051 magnos
1537 2986 1584 3035 in
1619 2984 1712 3034 boc
1757 2996 1898 3033 tanto
1943 2996 2148 3050 tamque

159 3074 416 3125 immenso
462 3072 908 3139 mycologicorum
951 3089 1131 3138 campo
1174 3069 1330 3121 factos
1373 3087 1478 3120 esse
1520 3083 1833 3136 progressus.
