2429 3567
254 69 294 117 11

392 202 518 256 Mihi
562 202 726 269 itaque
767 201 904 252 visus
946 213 1017 251 est
1060 216 1293 264 magnam
1339 195 1538 249 laudem
1598 208 1920 247 assecuturus
1976 190 2147 260 fuisse,
2189 193 2229 246 si

250 289 362 358 quis
403 288 458 338 ad
503 286 596 336 linc
640 285 874 335 scientiae
921 283 1267 348 mycologicae
1310 281 1450 348 quasi
1494 279 1708 331 arduum
1759 276 2017 346 quoddam
2051 295 2233 328 monu-

253 385 482 423 mentum
547 367 905 435 perficiendum
968 365 1153 434 opibus
1212 364 1456 415 omuibus
1519 363 1665 414 nixus
1727 374 1870 412 esset.
1925 360 2031 411 Hac
2078 361 2233 425 igitur

254 455 501 523 opinione
545 451 694 502 fretus
738 469 839 501 non
885 450 1016 517 parvi
1080 450 1327 500 momenti
1394 447 1560 514 putavi
1623 459 1809 495 vastam
1863 461 1915 494 ac
1974 443 2227 509 insignem

256 539 536 589 Sx’ttooifist
567 537 977 586 Sacoxituiitxim
1020 533 1079 585 iis
1110 531 1290 583 tabulis
1321 530 1566 595 exornari,
1596 547 1722 597 quae
1763 547 1786 579 a
1828 527 2000 579 stu-dio
2031 541 2228 580 tantum

252 636 384 673 recto
426 621 763 687 speciminum
809 618 1063 682 originem
1109 616 1286 666 ducere
1330 615 1632 663 viderentur.
1675 612 2008 680 Quamquam
2058 626 2228 664 autem

255 704 470 757 sciebam
515 721 644 769 opus
703 702 1027 767 aggiedienti,
1087 699 1222 767 quod
1284 700 1648 748 §ac-canoram
1705 697 1957 758 Samon,
2011 714 2230 765 quacum

256 788 590 855 conjunctum
636 804 740 836 esse
799 784 1013 846 deberet,
1073 783 1340 847 indignum
1404 798 1505 831 non
1568 793 1713 841 esset,
1755 798 1936 831 omnes
1989 798 2115 849 quae
2155 781 2234 832 de-

256 873 463 939 scriptae
520 883 639 921 sunt
680 870 868 936 species
911 866 1230 917 delineandas
1291 865 1460 930 fuisse,
1522 865 1733 915 minime
1796 877 1960 914 tamen
2004 864 2230 916 dubitavi

249 957 382 1025 (non
427 954 645 1004 omnino
690 951 967 1018 majoribus
1028 949 1194 1015 fungis
1237 950 1473 1016 exceptis,
1519 966 1741 1016 quorum
1790 947 2231 1015 splendidissimae

251 1038 640 1105 iconograpbiae
683 1055 784 1087 non
828 1035 1040 1103 desunt)
1093 1035 1276 1101 primas
1342 1046 1501 1100 partes
1562 1032 1942 1100 microscopicis
1995 1033 2229 1096 tribuere,

249 1141 395 1191 quos,
424 1121 479 1171 ad
511 1119 926 1186 iconograpbiam
959 1117 1094 1186 quod
1137 1118 1383 1178 attineret,
1412 1118 1592 1167 scirem
1623 1133 1731 1167 esse
1762 1115 2037 1182 neglectos,
2065 1117 2226 1178 Quod

249 1209 287 1258 si
331 1205 573 1274 quaedam
619 1202 974 1269 hujuscemodi
1035 1202 1252 1266 insignia
1304 1219 1454 1268 opera
1518 1218 1620 1251 non
1685 1200 1887 1263 desunt,
1942 1215 2042 1252 tam
2085 1204 2228 1270 pauci

252 1306 415 1342 tamen
462 1307 571 1355 prae
615 1288 816 1351 ingente
858 1299 1116 1350 mycetum
1162 1285 1207 1335 vi
1252 1284 1280 1334 ii
1323 1297 1443 1335 sunt
1484 1285 1567 1351 qui
1612 1284 1671 1335 iis
1713 1283 2047 1348 illustrentur,
2085 1300 2138 1338 ut
2179 1288 2228 1338 in

250 1377 344 1426 lioc
370 1372 760 1438 iconograpliiae
786 1369 1291 1435 myco-microspicae
1321 1369 1579 1418 immenso
1609 1382 1756 1436 atque
1786 1368 2008 1420 obscuro
2048 1388 2230 1440 campo

249 1473 505 1526 tamquam
555 1454 718 1505 lucida
760 1468 943 1520 puncta
989 1451 1136 1502 nobis
1180 1451 1457 1502 videantur.

396 1540 568 1600 Quare
597 1554 727 1605 opus
758 1537 894 1604 quc—d
928 1536 1043 1586 baec
1074 1536 1285 1586 minima
1314 1534 1616 1602 corpuscula
1647 1534 1915 1588 illustraret
1945 1555 2005 1588 eo
2037 1538 2229 1602 utiliUS,

250 1629 412 1678 immo
467 1622 624 1687 magis
668 1621 1001 1671 necessarium
1052 1618 1211 1670 dicere
1252 1620 1395 1680 asim,
1425 1617 1655 1670 futurum
1688 1619 1842 1671 fuisse
1891 1622 2017 1673 mihi
2061 1624 2229 1675 visum

248 1723 336 1771 est,
378 1709 418 1760 si
460 1707 607 1758 etiam
651 1722 728 1754 eas
769 1704 958 1771 species
999 1702 1325 1770 complexum
1369 1717 1498 1754 esset
1540 1720 1684 1771 quae,
1725 1717 1772 1755 et
1814 1703 1947 1756 brevi
1996 1705 2229 1773 diagnosi

248 1813 271 1843 a
313 1789 562 1844 veteribus
602 1787 894 1839 auctoribus
935 1787 1206 1855 descriptae
1250 1804 1411 1855 neque
1454 1787 1841 1840 micrometricis
1873 1790 2230 1844 notationibus

248 1880 534 1935 instructae,
577 1874 623 1923 in
669 1872 868 1922 incertis
913 1872 1184 1922 maximam
1229 1885 1417 1938 partem
1460 1871 1798 1926 collocantur.

391 1957 599 2018 Quibus
624 1954 770 2007 rebus
795 1954 955 2017 verba,
979 1973 1103 2023 quae
1128 1957 1177 2006 in
1209 1953 1515 2023 praefatione
1539 1956 1941 2009 SACCARDiANAE
1964 1958 2230 2012 SYLtoGiis
2257 1971 2259 1973 ’

247 2043 483 2110 legimuS,
524 2041 742 2108 apertius
784 2038 1086 2107 planiusque
1128 2040 1440 2106 explicantur
1482 2060 1506 2088 «
1553 2040 1847 2106 Contigisse
1878 2055 2044 2109 potest
2087 2044 2226 2111 quod

247 2128 435 2196 species
477 2124 690 2175 identica
733 2122 806 2174 bis
848 2122 922 2174 vel
964 2124 1149 2190 pluries
1193 2124 1338 2174 variis
1382 2123 1684 2175 nominibus
1726 2139 2064 2193 exoponatur.
2108 2147 2134 2176 >)

392 2209 524 2260 Cum
568 2208 721 2272 igitur
763 2207 883 2257 illud
945 2207 1068 2258 mibi
1134 2225 1428 2275 persuasum
1490 2222 1621 2260 esset
1678 2226 1812 2277 opus
1868 2210 2226 2277 hujuscemodi

252 2293 521 2344 maximam
568 2291 832 2341 utilitatem
875 2291 1140 2342 allaturam
1204 2310 1309 2343 esse
1349 2293 1410 2343 iis
1453 2295 1541 2360 qui
1583 2294 1839 2357 SYLLOGE,
1899 2295 1958 2346 de
1999 2313 2096 2363 qua
2137 2314 2233 2348 ser-

250 2395 352 2439 mo,
396 2376 723 2440 fungerentur
753 2390 897 2442 atque
930 2390 1204 2438 uterentur,
1237 2378 1330 2427 lioc
1360 2379 1604 2429 omnibus
1646 2379 1837 2430 viribus
1865 2393 2014 2448 atque
2043 2379 2229 2448 opibus

247 2478 509 2526 aggressus
550 2477 680 2509 sum.
726 2459 962 2526 Cumque
1004 2461 1060 2510 ad
1105 2478 1310 2523 munus,
1357 2462 1496 2530 quod
1525 2465 1746 2530 suscepi,
1774 2463 2082 2532 explendum
2112 2481 2229 2531 spe-

247 2546 346 2594 cies
388 2561 560 2610 parum
607 2555 752 2593 notae
812 2545 885 2592 vel
946 2542 1124 2594 dubiae
1185 2546 1307 2595 mibi
1371 2549 1423 2598 in
1467 2546 1718 2598 veteribus
1780 2547 2017 2600 herbariis
2059 2562 2228 2600 essent

249 2628 592 2694 inquirendae,
632 2627 688 2676 ad
734 2625 1011 2677 Praefectos
1054 2629 1371 2692 Museorum,
1412 2630 1600 2698 quibus
1639 2645 1739 2682 tam
1782 2633 2058 2699 praetiosae
2100 2647 2226 2685 vete-

249 2728 424 2778 resque
464 2709 791 2761 collectiones
833 2711 1210 2775 custodiuntur,
1254 2732 1332 2764 me
1373 2729 1719 2766 converterem
1763 2717 1992 2783 oportuit
2049 2734 2102 2768 ac
2145 2735 2224 2768 ne-

247 2811 383 2844 ccsse
425 2792 531 2844 fuit.
576 2795 827 2845 Praeterea
868 2797 1054 2862 quippe
1096 2814 1178 2863 qui
1223 2813 1349 2849 certe
1392 2801 1569 2850 scirem
1612 2817 1743 2866 opus
1787 2818 1958 2850 meum
2015 2801 2222 2852 maximi

249 2876 585 2928 solummodo
629 2880 876 2928 momenti
919 2877 1145 2930 l‘uturum
1190 2880 1358 2944 fuisse,
1382 2885 1421 2934 si
1464 2883 1727 2948 originalia
1761 2883 2042 2951 specierum
2088 2899 2225 2937 nota-

249 2978 358 3011 rum
401 2961 698 3028 exemplaria
739 2961 1053 3026 illustrasset,
1094 2966 1402 3033 ,lecologos
1444 2967 1674 3036 precibus
1704 2969 1944 3037 prosequi
1988 2987 2092 3021 non
2133 2970 2228 3021 du-

249 3044 417 3109 bitavi,
460 3060 512 3097 ut
551 3063 756 3097 suarum
798 3049 1076 3115 specierum
1141 3056 1303 3118 typica
1358 3055 1657 3124 exemplaria
1708 3053 1766 3107 ad
1829 3071 1908 3105 me
1950 3056 2226 3119 mitterent,
